symbol,end_date,amend,period_focus,fiscal_year,doc_type,revenues,op_income,net_income,eps_basic,eps_diluted,dividend,assets,cur_assets,cur_liab,cash,equity,cash_flow_op,cash_flow_inv,cash_flow_fin
CTEK,2011-06-30,False,Q2,2011,10-Q,6191279.0,452335.0,204806.0,0.01,0.01,0.0,49196523.0,32394842.0,16354142.0,1238155.0,31428137.0,-10944424.0,-974884.0,-325053.0
CTEK,2011-09-30,False,Q3,2011,10-Q,5825720.0,570205.0,54673.0,0.0,0.0,0.0,52539786.0,35456960.0,18935478.0,1548213.0,32243774.0,-9835875.0,-1785512.0,-416916.0
CTEK,2011-09-30,False,Q3,2011,10-Q,5825720.0,570205.0,54673.0,0.0,0.0,0.0,52539786.0,35456960.0,18935478.0,1548213.0,32243774.0,-9835875.0,-1785512.0,-416916.0
CS,2009-12-31,False,FY,2009,20-F,33294000000.0,,6724000000.0,5.28,5.14,0.0,1031427000000.0,,,51857000000.0,48328000000.0,-14186000000.0,62071000000.0,-84909000000.0
CS,2010-12-31,False,FY,2010,20-F,31386000000.0,,4936000000.0,3.91,3.89,0.0,1032005000000.0,,,65467000000.0,43015000000.0,8228000000.0,-21449000000.0,33028000000.0
SRCE,2011-06-30,False,Q2,2011,10-Q,69297000.0,,14865000.0,0.61,0.61,0.16,4354951000.0,,,59349000.0,505594000.0,77933000.0,10560000.0,-126016000.0
SRCE,2011-09-30,False,Q3,2011,10-Q,66816000.0,,11540000.0,0.47,0.47,0.16,4305941000.0,,,83050000.0,516879000.0,87426000.0,93555000.0,-194803000.0
FCCY,2011-06-30,False,Q2,2011,10-Q,8225617.0,,828916.0,0.17,0.17,0.0,729430556.0,,,90057576.0,52433152.0,14998900.0,85694164.0,-28345989.0
FCCY,2011-09-30,False,Q3,2011,10-Q,8704910.0,,1213278.0,0.25,0.25,0.0,742460564.0,,,14444073.0,54251450.0,14729743.0,-1117459.0,-16878712.0
FCTY,2011-06-30,False,Q2,2011,10-Q,192.0,,116.0,0.01,0.01,0.0,361085.0,,,7314.0,45143.0,-631.0,-24987.0,53327.0
FCTY,2011-09-30,False,Q3,2011,10-Q,,,354.0,0.04,0.04,0.0,384375.0,,,11032.0,45331.0,24.0,-48761.0,74871.0
FLWS,2011-10-02,False,Q1,2012,10-Q,117198000.0,-7733000.0,-740000.0,-0.08,-0.08,0.0,284592000.0,129174000.0,114208000.0,5707000.0,142145000.0,-52506000.0,3019000.0,33752000.0
ABAX,2011-09-30,False,Q2,2012,10-Q,40025000.0,5183000.0,3321000.0,0.15,0.15,0.0,170300000.0,110358000.0,18115000.0,37994000.0,148403000.0,12678000.0,10190000.0,-28284000.0
AAON,2011-09-30,False,Q3,2011,10-Q,73829000.0,8814000.0,5626000.0,0.23,0.23,0.12,182254000.0,90799000.0,49148000.0,2278000.0,125274000.0,11275000.0,-20266000.0,8876000.0
AVTR,2011-09-30,True,Q3,2011,10-Q,14703000.0,,-121561000.0,-9.76,-9.76,0.0,435806000.0,,,134427000.0,272081000.0,-17850000.0,3483000.0,33292000.0
AXK,2011-10-31,False,Q1,2011,10-Q,202008.0,-429909.0,-430274.0,-0.04,-0.04,0.0,6251615.0,1386739.0,198044.0,584985.0,4657730.0,-99670.0,-91201.0,
ACAD,2011-06-30,False,Q2,2011,10-Q,460000.0,-6584000.0,-6556000.0,-0.12,-0.12,0.0,41309000.0,41015000.0,5947000.0,8020000.0,32821000.0,-10387000.0,-2313000.0,13857000.0
ACAD,2011-09-30,False,Q3,2011,10-Q,584000.0,-5093000.0,-5076000.0,-0.1,-0.1,0.0,37022000.0,36763000.0,6409000.0,8317000.0,28144000.0,-14559000.0,2165000.0,13847000.0
AXAS,2011-06-30,False,Q2,2011,10-Q,16953000.0,3438000.0,8937000.0,0.1,0.1,0.0,,,,4151000.0,,6579000.0,-17165000.0,14638000.0
AXAS,2011-09-30,False,Q3,2011,10-Q,18020000.0,4225000.0,20085000.0,0.22,0.21,0.0,213795000.0,18287000.0,34473000.0,14000.0,67397000.0,23035000.0,-44698000.0,21578000.0
ACTG,2011-06-30,False,Q2,2011,10-Q,39746000.0,2121000.0,2139000.0,0.05,0.05,0.0,340175000.0,321720000.0,30336000.0,299415000.0,309210000.0,25119000.0,-1858000.0,173639000.0
ACTG,2011-09-30,False,Q3,2011,10-Q,50585000.0,12410000.0,12510000.0,0.3,0.29,0.0,367984000.0,350664000.0,44251000.0,310663000.0,323125000.0,45846000.0,-11344000.0,173646000.0
ABMD,2011-06-30,False,Q1,2011,10-Q,27355000.0,-4421000.0,-4594000.0,-0.12,-0.12,0.0,131137000.0,83892000.0,15379000.0,4151000.0,111183000.0,-8556000.0,-973000.0,7629000.0
ABMD,2011-09-30,False,Q2,2011,10-Q,29478000.0,766000.0,601000.0,0.02,0.02,0.0,131610000.0,86928000.0,15434000.0,5338000.0,111399000.0,-6290000.0,-2138000.0,7997000.0
ACCP,2011-06-30,False,Q2,2011,10-Q,151000.0,,-1706000.0,-0.09,-0.09,0.0,5065000.0,4472000.0,12872000.0,4346000.0,-23939000.0,-2648000.0,-39000.0,0.0
ACCP,2011-09-30,False,Q3,2011,10-Q,1041000.0,,-350000.0,0.0,0.0,0.0,2220000.0,1686000.0,14267000.0,1348000.0,-23467000.0,-5645000.0,-40000.0,0.0
ABAX,2011-06-30,False,Q1,2012,10-Q,36003000.0,3198000.0,2214000.0,0.1,0.1,0.0,190872000.0,114078000.0,16569000.0,45073000.0,170867000.0,7193000.0,-4487000.0,-1162000.0
AAON,2011-06-30,False,Q2,2011,10-Q,69076000.0,6040000.0,3839000.0,0.16,0.15,0.12,186360000.0,97722000.0,58262000.0,2091000.0,120029000.0,10175000.0,-16526000.0,6049000.0
EGHT,2011-06-30,False,Q1,2011,10-Q,18507000.0,1606000.0,1947000.0,0.03,0.03,0.0,29269000.0,22166000.0,10624000.0,16934000.0,18217000.0,2140000.0,-900000.0,-780000.0
EGHT,2011-09-30,False,Q2,2012,10-Q,19819000.0,865000.0,832000.0,0.01,0.01,0.0,61667000.0,22777000.0,13117000.0,17200000.0,48141000.0,3242000.0,-1924000.0,-592000.0
AVTR,2011-06-30,False,Q2,2011,10-Q,28366000.0,,-16526000.0,-1.33,-1.33,0.0,559876000.0,,,146036000.0,404304000.0,-3546000.0,-35000.0,34115000.0
AVTR,2011-09-30,False,Q3,2011,10-Q,14703000.0,,-121561000.0,-9.76,-9.76,0.0,435806000.0,,,134427000.0,272081000.0,-17850000.0,-3483000.0,33292000.0
ACIW,2010-06-30,False,Q2,2010,10-Q,92423000.0,4366000.0,-150000.0,0.0,0.0,0.0,552516000.0,249047000.0,172638000.0,117757000.0,217267000.0,17098000.0,-9387000.0,-13897000.0
ACPW,2011-09-30,False,Q3,2011,10-Q,20608000.0,-1232000.0,-1292000.0,-0.02,-0.02,0.0,41226000.0,37815000.0,21515000.0,9455000.0,18900000.0,-7148000.0,-2494000.0,3265000.0
ACPW,2011-06-30,False,Q2,2011,10-Q,19215000.0,-1288000.0,-1394000.0,-0.02,-0.02,0.0,44352000.0,41359000.0,23703000.0,10953000.0,19937000.0,-7034000.0,-1284000.0,3246000.0
ACNB,2011-06-30,False,Q2,2011,10-Q,13495000.0,,2106000.0,0.36,0.36,0.19,998337000.0,,,13382000.0,97333000.0,11219000.0,-17900000.0,24400000.0
ACNB,2011-09-30,False,Q3,2011,10-Q,13303000.0,,2180000.0,0.37,0.37,0.19,1024618000.0,,,13270000.0,99469000.0,17541000.0,-33039000.0,46320000.0
ICGE,2011-06-30,False,Q2,2011,10-Q,35328000.0,-2307000.0,-3233000.0,-0.09,-0.09,0.0,288646000.0,165228000.0,30879000.0,132305000.0,242251000.0,-1229000.0,46389000.0,-5390000.0
ICGE,2011-09-30,False,Q3,2011,10-Q,35142000.0,-286000.0,-2957000.0,-0.08,-0.08,0.0,281406000.0,153528000.0,34324000.0,117817000.0,232331000.0,956000.0,38620000.0,-14112000.0
ACET,2011-09-30,False,Q1,2012,10-Q,101317000.0,4950000.0,3033000.0,0.11,0.11,0.0,292355000.0,180425000.0,64567000.0,32186000.0,161372000.0,5913000.0,63000.0,-1570000.0
ATVI,2009-09-30,False,Q3,2009,10-Q,703000000.0,9000000.0,15000000.0,0.01,0.01,0.0,13452000000.0,4508000000.0,1285000000.0,2360000000.0,11292000000.0,370000000.0,-298000000.0,-703000000.0
ATVI,2009-06-30,False,Q2,2009,10-Q,1038000000.0,218000000.0,195000000.0,0.15,0.15,0.0,13519000000.0,4510000000.0,1091000000.0,2728000000.0,11531000000.0,209000000.0,-24000000.0,-441000000.0
ATVI,2009-12-31,False,FY,2009,10-K,4279000000.0,-26000000.0,113000000.0,0.09,0.09,0.0,13742000000.0,5329000000.0,2507000000.0,2768000000.0,10756000000.0,1183000000.0,-443000000.0,-949000000.0
ATVI,2010-03-31,False,Q1,2010,10-Q,1308000000.0,511000000.0,381000000.0,0.3,0.3,0.15,12866000000.0,4486000000.0,1542000000.0,2695000000.0,10868000000.0,227000000.0,-184000000.0,-87000000.0
ATVI,2010-09-30,False,Q3,2010,10-Q,745000000.0,55000000.0,51000000.0,0.04,0.04,0.0,12570000000.0,4148000000.0,1393000000.0,2123000000.0,10746000000.0,383000000.0,-323000000.0,-735000000.0
ATVI,2010-06-30,False,Q2,2010,10-Q,967000000.0,300000000.0,217000000.0,0.18,0.17,0.0,12393000000.0,3968000000.0,1090000000.0,2214000000.0,10858000000.0,201000000.0,-227000000.0,-500000000.0
ATVI,2010-12-31,False,FY,2010,10-K,4447000000.0,469000000.0,414000000.0,0.34,0.33,0.15,13406000000.0,5385000000.0,2907000000.0,2812000000.0,10203000000.0,1376000000.0,-312000000.0,-1053000000.0
ATVI,2011-03-31,False,Q1,2011,10-Q,1449000000.0,674000000.0,496000000.0,0.42,0.42,0.165,12377000000.0,4349000000.0,1891000000.0,2658000000.0,10237000000.0,134000000.0,-14000000.0,-337000000.0
ATVI,2011-06-30,False,Q2,2011,10-Q,1146000000.0,467000000.0,330000000.0,0.29,0.29,0.0,11972000000.0,3954000000.0,1246000000.0,2334000000.0,10465000000.0,56000000.0,63000000.0,-663000000.0
ATVI,2011-09-30,False,Q3,2011,10-Q,754000000.0,162000000.0,146000000.0,0.13,0.13,0.0,12113000000.0,4082000000.0,1279000000.0,2469000000.0,10571000000.0,102000000.0,210000000.0,-658000000.0
ACIW,2010-12-31,False,FY,2010,10-K,418424000.0,53648000.0,27195000.0,0.81,0.8,0.0,601529000.0,294809000.0,270764000.0,171310000.0,255623000.0,81308000.0,-19349000.0,-17575000.0
ACIW,2010-09-30,False,Q3,2010,10-Q,97017000.0,7388000.0,2336000.0,0.07,0.07,0.0,581393000.0,268508000.0,271006000.0,143902000.0,226713000.0,49133000.0,-14955000.0,-18146000.0
ACIW,2011-03-31,False,Q1,2011,10-Q,104543000.0,7498000.0,1622000.0,0.05,0.05,0.0,615453000.0,285600000.0,273377000.0,168882000.0,265658000.0,17943000.0,-24017000.0,2107000.0
ACIW,2011-06-30,False,Q2,2011,10-Q,113366000.0,10422000.0,9800000.0,0.29,0.29,0.0,613647000.0,288180000.0,265671000.0,170807000.0,279540000.0,25484000.0,-30264000.0,2836000.0
ACIW,2011-09-30,False,Q3,2011,10-Q,112149000.0,11268000.0,10539000.0,0.31,0.31,0.0,614702000.0,291239000.0,185970000.0,179700000.0,287765000.0,52235000.0,-43006000.0,1126000.0
ACHN,2011-09-30,False,Q3,2011,10-Q,64000.0,-10473000.0,-10438000.0,-0.15,-0.15,0.0,93355000.0,67265000.0,8406000.0,23388000.0,82195000.0,-25652000.0,-37774000.0,61441000.0
ACHN,2011-06-30,False,Q2,2011,10-Q,56000.0,-11276000.0,-11250000.0,-0.19,-0.19,0.0,102834000.0,101847000.0,8040000.0,81925000.0,92004000.0,-16396000.0,11483000.0,61465000.0
ANCX,2011-06-30,False,Q2,2011,10-Q,16629000.0,,2671000.0,0.26,0.26,0.0,713016000.0,,,8451000.0,77819000.0,27646000.0,8133000.0,-125032000.0
ANCX,2011-09-30,False,Q3,2011,10-Q,19578000.0,,3113000.0,0.3,0.3,0.0,765467000.0,,,10909000.0,80176000.0,-1373000.0,12479000.0,-80087000.0
ACOR,2010-06-30,False,Q2,2010,10-Q,42835573.0,-5703855.0,-6762945.0,-0.18,-0.18,0.0,295987562.0,263780158.0,70766666.0,75668846.0,122698519.0,-50048339.0,73666427.0,4736346.0
ACOR,2010-09-30,False,Q3,2010,10-Q,63622042.0,13262505.0,12437190.0,0.32,0.31,0.0,331421188.0,299512755.0,89448296.0,82404827.0,142361917.0,-20802949.0,49286476.0,6606888.0
ACOR,2010-12-31,False,FY,2010,10-K,191005240.0,-8429863.0,-11769445.0,-0.31,-0.31,0.0,342101444.0,311168647.0,94249568.0,34640716.0,151260592.0,-19216004.0,5350968.0,1191340.0
ACOR,2011-03-31,False,Q1,2011,10-Q,61286000.0,441000.0,-672000.0,-0.02,-0.02,0.0,336207000.0,305680000.0,88074000.0,78457000.0,154788000.0,-12122000.0,55781000.0,157000.0
ACOR,2011-06-30,False,Q2,2011,10-Q,65276000.0,920000.0,-285000.0,-0.01,-0.01,0.0,336095000.0,305853000.0,82576000.0,48635000.0,162752000.0,-9394000.0,20796000.0,2592000.0
ACOR,2011-09-30,False,Q3,2011,10-Q,93031000.0,20666000.0,18867000.0,0.48,0.47,0.0,351098000.0,334373000.0,74437000.0,44385000.0,186916000.0,33366000.0,-26084000.0,2462000.0
ACRX,2011-09-30,False,Q3,2011,10-Q,408000.0,,-5761000.0,-0.3,-0.3,0.0,36703000.0,34081000.0,5095000.0,1825000.0,23355000.0,-9296000.0,-31541000.0,108344000.0
ACRX,2011-06-30,False,Q2,2011,10-Q,40000.0,,-4763000.0,-0.25,-0.25,0.0,40987000.0,39008000.0,3777000.0,18760000.0,28415000.0,-5026000.0,-18730000.0,108197000.0
ARAY,2011-09-30,False,Q1,2012,10-Q,100451000.0,-24687000.0,-26510000.0,-0.38,-0.38,0.0,500035000.0,331223000.0,172120000.0,140150000.0,239021000.0,-51817000.0,-2379000.0,97011000.0
AEIS,2011-06-30,False,Q2,2011,10-Q,138154000.0,17318000.0,13586000.0,0.31,0.31,0.0,542004000.0,396648000.0,95958000.0,135564000.0,415653000.0,13504000.0,-9105000.0,1228000.0
AEIS,2011-09-30,False,Q3,2011,10-Q,128498000.0,10674000.0,6592000.0,0.15,0.15,0.0,553430000.0,406444000.0,96558000.0,132253000.0,425097000.0,26652000.0,-27602000.0,1081000.0
ADXS,2011-07-31,False,Q3,2011,10-Q,0.0,-3596805.0,3456215.0,0.02,0.01,0.0,4751845.0,1892272.0,8408215.0,1814188.0,-12182546.0,-7421049.0,-239019.0,33011589.0
AMD,2010-06-26,False,Q2,2010,10-Q,1653000000.0,125000000.0,-43000000.0,-0.06,-0.06,0.0,4955000000.0,3313000000.0,1630000000.0,1084000000.0,752000000.0,-75000000.0,-699000000.0,201000000.0
AMD,2010-09-25,False,Q3,2010,10-Q,1618000000.0,128000000.0,-118000000.0,-0.17,-0.17,0.0,4595000000.0,3212000000.0,1665000000.0,620000000.0,614000000.0,-199000000.0,-1020000000.0,182000000.0
AMD,2010-12-25,False,FY,2010,10-K,6494000000.0,848000000.0,471000000.0,0.66,0.64,0.0,4964000000.0,3594000000.0,1674000000.0,606000000.0,1013000000.0,-412000000.0,-1123000000.0,484000000.0
AMD,2011-04-02,False,Q1,2011,10-Q,1613000000.0,54000000.0,510000000.0,0.71,0.68,0.0,5209000000.0,3411000000.0,1375000000.0,602000000.0,1558000000.0,-168000000.0,-14000000.0,178000000.0
AMD,2011-07-02,False,Q2,2011,10-Q,1574000000.0,105000000.0,61000000.0,0.08,0.08,0.0,5224000000.0,3438000000.0,1312000000.0,554000000.0,1641000000.0,6000000.0,-244000000.0,186000000.0
AMD,2011-10-01,False,Q3,2011,10-Q,1690000000.0,138000000.0,97000000.0,0.13,0.13,0.0,5236000000.0,3412000000.0,1855000000.0,625000000.0,1744000000.0,195000000.0,-210000000.0,34000000.0
AEY,2011-06-30,False,Q3,2011,10-Q,8695205.0,924994.0,467577.0,0.05,0.05,0.0,52913010.0,43842528.0,6050369.0,12031640.0,35236289.0,5173404.0,-527159.0,-1353756.0
AEY,2011-09-30,False,FY,2011,10-K,38079530.0,4924941.0,2536307.0,0.25,0.25,0.0,52887871.0,42551681.0,5730139.0,10943654.0,35956354.0,6016667.0,-2004906.0,-1807258.0
ADEP,2011-10-01,False,Q1,2012,10-Q,16619000.0,-435000.0,-619000.0,-0.07,-0.07,0.0,37044000.0,29391000.0,13473000.0,7142000.0,17998000.0,-1076000.0,-260000.0,-42000.0
ADTN,2010-09-30,False,Q3,2010,10-Q,162957000.0,45045000.0,32084000.0,0.51,0.5,0.09,657704000.0,343190000.0,55871000.0,26062000.0,536566000.0,63046000.0,-58585000.0,-3397000.0
ADTN,2010-06-30,False,Q2,2010,10-Q,150361000.0,38617000.0,27751000.0,0.45,0.44,0.09,622720000.0,336186000.0,73889000.0,29507000.0,487738000.0,48979000.0,-30492000.0,-12513000.0
ADTN,2010-12-31,False,FY,2010,10-K,605674000.0,153864000.0,113989000.0,1.82,1.78,0.0,691974000.0,354913000.0,49961000.0,31677000.0,572322000.0,92789000.0,-74919000.0,-11722000.0
ADTN,2011-03-31,False,Q1,2011,10-Q,165522000.0,45606000.0,34258000.0,0.53,0.52,0.09,784630000.0,328513000.0,69602000.0,37321000.0,641918000.0,36487000.0,-65817000.0,34887000.0
ADTN,2011-06-30,False,Q2,2011,10-Q,184227000.0,51310000.0,36943000.0,0.57,0.56,0.09,808379000.0,359161000.0,64308000.0,23787000.0,673683000.0,65746000.0,-104698000.0,30606000.0
ADTN,2011-09-30,False,Q3,2011,10-Q,192194000.0,51107000.0,36213000.0,0.57,0.56,0.09,801295000.0,358930000.0,75230000.0,32526000.0,664712000.0,108791000.0,-97280000.0,-9631000.0
ADBE,2008-11-28,False,FY,2008,10-K,3579889000.0,1028271000.0,871814000.0,1.62,1.59,0.0,5821598000.0,2735103000.0,762599000.0,886443000.0,4410354000.0,1280682000.0,-304681000.0,-1021567000.0
ADBE,2009-02-27,False,Q1,2009,10-Q,786390000.0,207916000.0,156435000.0,0.3,0.3,0.0,5887596000.0,2868991000.0,636865000.0,1148925000.0,4611160000.0,365743000.0,-131562000.0,28675000.0
ADBE,2009-05-29,False,Q2,2009,10-Q,704673000.0,161353000.0,126071000.0,0.24,0.24,0.0,6063745000.0,3087769000.0,613632000.0,1226780000.0,4801041000.0,627272000.0,-349314000.0,48890000.0
ADBE,2009-08-28,False,Q3,2009,10-Q,697507000.0,167602000.0,136045000.0,0.26,0.26,0.0,5961960000.0,2990934000.0,614383000.0,1132144000.0,4694558000.0,863953000.0,-405208000.0,-227710000.0
ADBE,2009-11-27,False,FY,2009,10-K,2945853000.0,690513000.0,386508000.0,0.74,0.73,0.0,7282237000.0,2473624000.0,844553000.0,999487000.0,4890568000.0,1117772000.0,-1497096000.0,477658000.0
ADBE,2010-06-04,False,Q2,2010,10-Q,943035000.0,227285000.0,148611000.0,0.28,0.28,0.0,8006931000.0,3276071000.0,969908000.0,1137606000.0,5178755000.0,510893000.0,-689622000.0,325302000.0
ADBE,2010-03-05,False,Q1,2010,10-Q,858700000.0,176833000.0,127154000.0,0.24,0.24,0.0,7945069000.0,3177219000.0,900774000.0,1589442000.0,5171420000.0,259803000.0,-208719000.0,540159000.0
ADBE,2010-09-03,False,Q3,2010,10-Q,990319000.0,302013000.0,230065000.0,0.44,0.44,0.0,7947029000.0,3236415000.0,967202000.0,814149000.0,5084858000.0,802364000.0,-956290000.0,-28990000.0
ADBE,2010-12-03,False,FY,2010,10-K,3800000000.0,993074000.0,774680000.0,1.49,1.47,0.0,8141148000.0,3216050000.0,1068088000.0,749891000.0,5192387000.0,1112995000.0,-1159294000.0,-215262000.0
ADBE,2011-03-04,False,Q1,2011,10-Q,1027706000.0,302334000.0,234591000.0,0.47,0.46,0.0,8310024000.0,3350798000.0,985532000.0,900156000.0,5425407000.0,332102000.0,-95125000.0,-86518000.0
ADBE,2011-06-03,False,Q2,2011,10-Q,1023179000.0,276724000.0,229436000.0,0.46,0.45,0.0,8339716000.0,3389318000.0,1050379000.0,827475000.0,5389415000.0,721433000.0,-197600000.0,-452478000.0
ADBE,2011-09-02,False,Q3,2011,10-Q,1013212000.0,274110000.0,195101000.0,0.39,0.39,0.0,8492758000.0,3469196000.0,1032259000.0,769212000.0,5563958000.0,1046561000.0,-497722000.0,-550159000.0
ADMP,2011-09-30,False,Q2,2012,10-Q,,-1468564.0,-1465819.0,-0.02,-0.02,0.0,371147.0,241147.0,2390880.0,3026.0,-2019733.0,-1990872.0,,755000.0
ADMP,2011-06-30,False,Q1,2011,10-Q,,-1212845.0,-1240352.0,-0.02,-0.02,0.0,687556.0,487556.0,1913078.0,191223.0,-1225522.0,-1202675.0,500000.0,-345000.0
ACUR,2011-06-30,False,Q2,2011,10-Q,20233000.0,17362000.0,17029000.0,0.36,0.35,0.0,41096000.0,40063000.0,1232000.0,39502000.0,39864000.0,16042000.0,,-532000.0
ACUR,2011-09-30,False,Q3,2011,10-Q,,-2147000.0,-2141000.0,-0.05,-0.05,0.0,39088000.0,38086000.0,1116000.0,37660000.0,37972000.0,14202000.0,,-532000.0
ACXM,2010-09-30,False,Q2,2011,10-Q,291669000.0,27310000.0,13281000.0,0.16,0.16,0.0,1387622000.0,445562000.0,236062000.0,199384000.0,622697000.0,59954000.0,-52756000.0,-31614000.0
ACXM,2010-06-30,False,Q1,2011,10-Q,270395000.0,22076000.0,9805000.0,0.12,0.12,0.0,1364027000.0,466665000.0,245000000.0,218457000.0,585684000.0,16988000.0,-16107000.0,-5163000.0
ACXM,2010-12-31,False,Q3,2011,10-Q,299110000.0,34575000.0,20823000.0,0.25,0.25,0.0,1386252000.0,445033000.0,243233000.0,203936000.0,650704000.0,124184000.0,-73868000.0,-70286000.0
ACXM,2011-03-31,False,FY,2011,10-K,1159970000.0,30924000.0,-23147000.0,-0.36,-0.36,0.0,1306625000.0,459250000.0,229494000.0,207023000.0,591033000.0,166219000.0,-90773000.0,-92617000.0
ACXM,2011-06-30,False,Q1,2012,10-Q,288934000.0,22230000.0,10975000.0,0.12,0.12,0.0,1285225000.0,450533000.0,222261000.0,191094000.0,606448000.0,32754000.0,-16137000.0,-32599000.0
ACXM,2011-09-30,False,Q2,2012,10-Q,300034000.0,28947000.0,12292000.0,0.16,0.16,0.0,1179733000.0,369079000.0,225372000.0,119163000.0,576942000.0,90468000.0,-32079000.0,-145383000.0
ADUS,2011-06-30,False,Q2,2011,10-Q,68252000.0,2690000.0,1333000.0,0.12,0.12,0.0,170050000.0,90818000.0,45039000.0,24105000.0,90422000.0,29098000.0,-632000.0,-5177000.0
ADUS,2011-09-30,False,Q3,2011,10-Q,69384000.0,-12860000.0,-9049000.0,-0.84,-0.84,0.0,156341000.0,88306000.0,46470000.0,1297000.0,81469000.0,11815000.0,-777000.0,-10557000.0
AGYS,2011-06-30,False,Q1,2012,10-Q,151643000.0,-5387000.0,-4789000.0,-0.21,-0.21,0.0,301103000.0,228409000.0,144153000.0,51675000.0,145079000.0,-21234000.0,-798000.0,-705000.0
AGYS,2011-09-30,False,Q2,2012,10-Q,53588000.0,-5214000.0,7249000.0,-0.14,-0.14,0.0,215122000.0,153052000.0,58713000.0,93662000.0,145244000.0,-5108000.0,59974000.0,-8198000.0
AGEN,2011-06-30,False,Q2,2011,10-Q,786432.0,-4701516.0,-5955210.0,-0.05,-0.05,0.0,22231125.0,13295605.0,4806771.0,12016136.0,-17152293.0,-8670514.0,-30692.0,935366.0
AGEN,2011-09-30,False,Q3,2011,10-Q,653681.0,-4440901.0,-5732025.0,-0.28,-0.28,0.0,24368790.0,15985121.0,5865389.0,14731726.0,-16070609.0,-12068581.0,-30597.0,7048928.0
AFFX,2011-06-30,False,Q2,2011,10-Q,64659000.0,-3107000.0,-3672000.0,-0.05,-0.05,0.0,454191000.0,172760000.0,47619000.0,27396000.0,295194000.0,22069000.0,-29926000.0,-635000.0
AFFX,2011-09-30,False,Q3,2011,10-Q,63987000.0,-5904000.0,-9789000.0,-0.14,-0.14,0.0,451156000.0,184001000.0,49976000.0,32391000.0,287817000.0,33614000.0,-36297000.0,-653000.0
APC,2009-06-30,False,Q2,2009,10-Q,1745000000.0,-490000000.0,-226000000.0,-0.48,-0.48,0.09,49372000000.0,5646000000.0,3422000000.0,3527000000.0,19961000000.0,1761000000.0,-2074000000.0,1480000000.0
APC,2009-09-30,False,Q3,2009,10-Q,2740000000.0,645000000.0,200000000.0,0.4,0.4,0.09,49476000000.0,6056000000.0,2882000000.0,3586000000.0,20185000000.0,2826000000.0,-2928000000.0,1328000000.0
APC,2009-12-31,False,FY,2009,10-K,9000000000.0,377000000.0,-135000000.0,-0.28,-0.28,0.36,50123000000.0,6083000000.0,3824000000.0,3531000000.0,20415000000.0,3926000000.0,-4236000000.0,1481000000.0
APC,2010-03-31,False,Q1,2010,10-Q,3139000000.0,919000000.0,716000000.0,1.44,1.43,0.09,50708000000.0,6402000000.0,3899000000.0,3692000000.0,21125000000.0,1317000000.0,-1181000000.0,36000000.0
APC,2010-06-30,False,Q2,2010,10-Q,2604000000.0,377000000.0,-40000000.0,-0.08,-0.08,0.09,50547000000.0,6074000000.0,4669000000.0,3374000000.0,21205000000.0,2883000000.0,-2472000000.0,-539000000.0
APC,2010-09-30,False,Q3,2010,10-Q,2550000000.0,196000000.0,-26000000.0,-0.05,-0.05,0.09,51826000000.0,7080000000.0,4704000000.0,4218000000.0,21144000000.0,3932000000.0,-3549000000.0,313000000.0
APC,2010-12-31,False,FY,2010,10-K,10842000000.0,1769000000.0,756000000.0,1.53,1.52,0.36,51559000000.0,6675000000.0,4114000000.0,3680000000.0,21439000000.0,5247000000.0,-4964000000.0,-122000000.0
APC,2011-03-31,False,Q1,2011,10-Q,3253000000.0,896000000.0,215000000.0,0.43,0.43,0.09,52013000000.0,6687000000.0,4065000000.0,3460000000.0,21784000000.0,1289000000.0,-1750000000.0,231000000.0
APC,2011-06-30,False,Q2,2011,10-Q,3676000000.0,1001000000.0,540000000.0,1.09,1.08,0.09,52617000000.0,6870000000.0,4127000000.0,3406000000.0,22348000000.0,3126000000.0,-3589000000.0,175000000.0
APC,2011-09-30,False,Q3,2011,10-Q,3199000000.0,-3626000000.0,-3051000000.0,-6.12,-6.12,0.09,53062000000.0,7604000000.0,7863000000.0,3487000000.0,19499000000.0,4592000000.0,-4889000000.0,107000000.0
AVAV,2011-10-29,False,Q2,2012,10-Q,80372000.0,9574000.0,6587000.0,0.3,0.3,0.0,322939000.0,271623000.0,43887000.0,98589000.0,272748000.0,9771000.0,26364000.0,413000.0
AVAV,2011-07-30,False,Q1,2012,10-Q,61997000.0,429000.0,326000.0,0.02,0.01,0.0,301472000.0,267243000.0,29832000.0,81247000.0,265201000.0,1456000.0,17475000.0,275000.0
AEPI,2011-07-31,False,Q3,2011,10-Q,246385000.0,8940000.0,2528000.0,0.43,0.43,0.0,366846000.0,186112000.0,89662000.0,898000.0,41315000.0,-4265000.0,-11211000.0,15392000.0
AEHR,2011-08-31,False,Q1,2012,10-Q,4130000.0,-881000.0,124000.0,0.01,0.01,0.0,12946000.0,11941000.0,3133000.0,3892000.0,9424000.0,-1620000.0,1368000.0,0.0
AEGR,2011-09-30,False,Q3,2011,10-Q,,-10561738.0,-10120498.0,-0.48,-0.48,0.0,84757814.0,83571324.0,6465739.0,36089532.0,68670818.0,-21426808.0,-45914552.0,169680053.0
AEGR,2011-06-30,False,Q2,2011,10-Q,,-8343086.0,-8604718.0,-0.49,-0.49,0.0,90952168.0,88486907.0,5078496.0,87540286.0,75637911.0,-13948086.0,-153625.0,167891158.0
INSU,2011-03-31,False,Q1,2011,10-Q,210587000.0,5489000.0,3006000.0,0.08,0.08,0.0,909238000.0,457186000.0,155841000.0,107343000.0,624846000.0,-4810000.0,-3837000.0,-583000.0
INSU,2011-06-30,False,Q2,2011,10-Q,224985000.0,7840000.0,7629000.0,0.19,0.19,0.0,987108000.0,472875000.0,162278000.0,108004000.0,649297000.0,5472000.0,-34744000.0,20013000.0
AEGN,2011-09-30,False,Q3,2011,10-Q,246218000.0,9498000.0,1160000.0,0.03,0.03,0.0,1122557000.0,512224000.0,192831000.0,96740000.0,636279000.0,-9039000.0,-158722000.0,152954000.0
AKAM,2011-09-30,False,Q3,2011,10-Q,281856000.0,65333000.0,42285000.0,0.23,0.23,0.0,2301957000.0,924479000.0,138878000.0,355599000.0,2122011000.0,316648000.0,36181000.0,-228653000.0
AMRI,2011-06-30,False,Q2,2011,10-Q,53877000.0,-40000.0,-568000.0,-0.02,-0.02,0.0,311288000.0,123144000.0,48241000.0,23506000.0,246237000.0,-3762000.0,4391000.0,-3332000.0
AMRI,2011-09-30,False,Q3,2011,10-Q,50229000.0,-8234000.0,-5852000.0,-0.19,-0.19,0.0,296053000.0,113372000.0,44005000.0,17498000.0,235725000.0,-9141000.0,4891000.0,-3445000.0
ALSK,2011-06-30,False,Q2,2011,10-Q,84943000.0,16208000.0,-3655000.0,-0.08,-0.08,0.0,615631000.0,90173000.0,69749000.0,20219000.0,-37663000.0,31718000.0,-19611000.0,-7204000.0
ALSK,2011-09-30,False,Q3,2011,10-Q,90306000.0,17997000.0,-816000.0,-0.02,-0.02,0.0,608570000.0,84449000.0,69471000.0,23427000.0,-51294000.0,57551000.0,-31341000.0,-18099000.0
AKRX,2011-06-30,False,Q2,2011,10-Q,32148000.0,6676000.0,17946000.0,0.19,0.17,0.0,255324000.0,182033000.0,18275000.0,134483000.0,135797000.0,8337000.0,-33119000.0,117642000.0
AKRX,2011-09-30,False,Q3,2011,10-Q,36703000.0,9354000.0,13524000.0,0.14,0.13,0.0,279911000.0,192525000.0,21284000.0,126608000.0,150614000.0,15978000.0,-48655000.0,117662000.0
AKAM,2009-06-30,False,Q2,2009,10-Q,204600000.0,54394000.0,36007000.0,0.21,0.19,0.0,1988970000.0,802266000.0,89928000.0,321083000.0,1680891000.0,194300000.0,-24225000.0,-5484000.0
AKAM,2009-09-30,False,Q3,2009,10-Q,206500000.0,50745000.0,32745000.0,0.19,0.18,0.0,2028671000.0,776572000.0,110305000.0,202802000.0,1698446000.0,299543000.0,-217559000.0,-36438000.0
AKAM,2009-12-31,False,FY,2009,10-K,859773000.0,223480000.0,145913000.0,0.85,0.78,0.0,2087510000.0,761173000.0,327293000.0,181305000.0,1738722000.0,424412000.0,-357498000.0,-42537000.0
AKAM,2010-06-30,False,Q2,2010,10-Q,245318000.0,56839000.0,38123000.0,0.22,0.2,0.0,2202998000.0,778167000.0,199834000.0,120506000.0,1973088000.0,174133000.0,-223708000.0,-8705000.0
AKAM,2010-09-30,False,Q3,2010,10-Q,253551000.0,59042000.0,39709000.0,0.22,0.21,0.0,2262752000.0,855808000.0,201165000.0,197567000.0,2034147000.0,292096000.0,-266900000.0,-10801000.0
AKAM,2011-03-31,False,Q1,2011,10-Q,275953000.0,72748000.0,50617000.0,0.27,0.26,0.0,2374799000.0,816814000.0,134095000.0,217174000.0,2210188000.0,88511000.0,-74512000.0,-30707000.0
AKAM,2010-12-31,False,FY,2010,10-K,1023586000.0,254277000.0,171220000.0,0.97,0.9,0.0,2352676000.0,858467000.0,145151000.0,231866000.0,2177605000.0,402455000.0,-335359000.0,-17676000.0
AKAM,2011-06-30,False,Q2,2011,10-Q,276989000.0,73232000.0,47921000.0,0.26,0.25,0.0,2404149000.0,750953000.0,138708000.0,205629000.0,2228315000.0,200359000.0,-156214000.0,-73148000.0
ATSG,2011-06-30,False,Q2,2011,10-Q,193061000.0,,12299000.0,0.19,0.19,0.0,964720000.0,117717000.0,124304000.0,37895000.0,319556000.0,78541000.0,-100751000.0,13562000.0
ATSG,2011-09-30,False,Q3,2011,10-Q,195480000.0,-1510000.0,-4802000.0,-0.08,-0.08,0.0,958041000.0,102468000.0,112436000.0,28779000.0,315222000.0,106876000.0,-160366000.0,35726000.0
AIRM,2011-06-30,False,Q2,2011,10-Q,150162000.0,17853000.0,10083000.0,0.8,0.79,0.0,496868000.0,248127000.0,103666000.0,43197000.0,265882000.0,12614000.0,-22721000.0,-7406000.0
AIRM,2011-09-30,False,Q3,2011,10-Q,185172000.0,33429000.0,18462000.0,1.45,1.44,0.0,759127000.0,266845000.0,116274000.0,2515000.0,285893000.0,23720000.0,-240104000.0,158189000.0
AIRM,2010-12-31,True,FY,2010,10-K,562002000.0,83198000.0,42757000.0,3.42,3.39,0.0,723110000.0,237992000.0,115393000.0,60710000.0,233429000.0,110036000.0,-26942000.0,-60457000.0
AIRM,2011-06-30,True,Q2,2011,10-Q,150162000.0,19785000.0,9920000.0,0.78,0.77,0.0,724100000.0,236209000.0,145080000.0,43197000.0,253118000.0,32742000.0,-14954000.0,-35301000.0
AIRM,2011-09-30,True,Q3,2011,10-Q,185172000.0,35667000.0,18540000.0,1.46,1.44,0.0,986372000.0,244398000.0,158423000.0,2515000.0,273207000.0,54304000.0,-229364000.0,116865000.0
AIRM,2011-03-31,True,Q1,2011,10-Q,131905000.0,12722000.0,5712000.0,0.45,0.45,0.0,721761000.0,229950000.0,123384000.0,56412000.0,241324000.0,24605000.0,-12256000.0,-16647000.0
AIRT,2011-06-30,False,Q1,2012,10-Q,16561497.0,250992.0,168149.0,0.07,0.07,0.25,31440313.0,27548801.0,5517302.0,6660973.0,25923011.0,980735.0,-344372.0,-490457.0
AIRT,2011-09-30,False,Q2,2012,10-Q,25460918.0,918814.0,592723.0,0.24,0.24,0.0,34665611.0,30665200.0,8149877.0,4290668.0,26515734.0,-1176008.0,-554674.0,-493717.0
ALGN,2011-09-30,False,Q3,2011,10-Q,125894000.0,26312000.0,19264000.0,0.25,0.24,0.0,585920000.0,327134000.0,120187000.0,202229000.0,456876000.0,88479000.0,-199297000.0,18401000.0
AMOT,2011-09-30,False,Q3,2011,10-Q,27331000.0,2261000.0,1557000.0,0.18,0.18,0.0,57528000.0,35931000.0,19398000.0,4949000.0,34852000.0,3576000.0,-1671000.0,-401000.0
AMOT,2011-06-30,False,Q2,2011,10-Q,28862000.0,2180000.0,1481000.0,0.17,0.17,0.0,55945000.0,33312000.0,18434000.0,3860000.0,34015000.0,1978000.0,-1325000.0,-430000.0
ALQA,2011-06-30,False,Q2,2011,10-Q,848228.0,-656463.0,-656113.0,0.0,0.0,0.0,24766612.0,1940703.0,240409.0,1521374.0,24479425.0,-1204092.0,341739.0,990000.0
ALQA,2011-09-30,False,Q3,2011,10-Q,419825.0,-844618.0,-843945.0,0.0,0.0,0.0,24200571.0,1240628.0,338748.0,984464.0,23814026.0,-1498275.0,99012.0,990000.0
AHPI,2011-09-30,False,Q1,2012,10-Q,11395008.0,-228072.0,-144968.0,-0.02,-0.02,0.0,31921903.0,22706905.0,4897172.0,6164178.0,27024731.0,150149.0,-498858.0,0.0
ARLP,2010-09-30,False,Q3,2010,10-Q,410448000.0,81322000.0,73201000.0,,1.48,0.0,1176106000.0,196437000.0,165853000.0,20294000.0,,394243000.0,-238121000.0,-157110000.0
ARLP,2011-03-31,False,Q1,2011,10-Q,423258000.0,103769000.0,95380000.0,,1.99,0.0,1562406000.0,531945000.0,164080000.0,338976000.0,,120848000.0,-68036000.0,-53398000.0
ARLP,2010-06-30,False,Q2,2010,10-Q,400343000.0,92971000.0,85461000.0,,1.82,0.0,1153502000.0,196161000.0,155391000.0,9669000.0,,258867000.0,-183627000.0,-86794000.0
ARLP,2010-12-31,False,FY,2010,10-K,1610065000.0,351769000.0,321017000.0,,6.68,0.0,1501278000.0,503337000.0,154605000.0,339562000.0,,520588000.0,-294991000.0,92683000.0
ARLP,2011-06-30,False,Q2,2011,10-Q,457946000.0,107179000.0,98178000.0,2.04,2.04,0.0,1626010000.0,555508000.0,178176000.0,347111000.0,,261385000.0,-147025000.0,-106811000.0
ARLP,2011-09-30,False,Q3,2011,10-Q,487747000.0,112115000.0,104093000.0,2.16,2.16,0.0,1679165000.0,506059000.0,194835000.0,307177000.0,,432336000.0,-284063000.0,-180658000.0
AHGP,2011-06-30,False,Q2,2011,10-Q,457855000.0,106284000.0,53412000.0,,0.89,0.0,1628496000.0,557937000.0,178815000.0,349612000.0,,259741000.0,-147025000.0,-105341000.0
AHGP,2011-09-30,False,Q3,2011,10-Q,487657000.0,111688000.0,57108000.0,,0.95,0.0,1681835000.0,508671000.0,195227000.0,309771000.0,,429975000.0,-284063000.0,-178378000.0
AIQ,2011-06-30,False,Q2,2011,10-Q,127780000.0,,-4040000.0,-0.08,-0.08,0.0,885408000.0,156460000.0,100205000.0,64171000.0,53035000.0,46681000.0,-69470000.0,-10202000.0
AIQ,2011-09-30,False,Q3,2011,10-Q,126791000.0,,-137270000.0,-2.58,-2.58,0.0,690935000.0,135076000.0,106972000.0,40334000.0,-88322000.0,71044000.0,-81506000.0,-46366000.0
AFOP,2011-06-30,False,Q2,2011,10-Q,10655000.0,1068000.0,1249000.0,0.14,0.14,0.0,69531000.0,51344000.0,7228000.0,10324000.0,61546000.0,751000.0,713000.0,405000.0
AFOP,2011-09-30,False,Q3,2011,10-Q,11778000.0,1334000.0,1454000.0,0.16,0.16,0.0,70928000.0,52985000.0,7738000.0,14992000.0,62493000.0,2863000.0,3937000.0,525000.0
ALLBD,2011-06-30,False,Q2,2011,10-Q,4897000.0,,644000.0,0.12,0.12,0.0,466991000.0,,,6121000.0,85916000.0,-5520000.0,2940000.0,16438000.0
ALLBD,2011-09-30,False,Q3,2011,10-Q,4919000.0,,-778000.0,-0.15,-0.15,0.0,460049000.0,,,5614000.0,83970000.0,-4444000.0,17901000.0,10096000.0
ALGT,2011-06-30,False,Q2,2011,10-Q,200449000.0,20712000.0,11949000.0,0.63,0.62,0.0,701978000.0,391945000.0,206197000.0,172204000.0,328335000.0,104270000.0,-156623000.0,111264000.0
ALGT,2011-09-30,False,Q3,2011,10-Q,191500000.0,16731000.0,9486000.0,0.5,0.49,0.0,690052000.0,353141000.0,181349000.0,87338000.0,339106000.0,99499000.0,-242506000.0,117052000.0
ALIM,2011-09-30,False,Q3,2011,10-Q,,,-6540000.0,-0.21,-0.21,0.0,40294000.0,40076000.0,6199000.0,38107000.0,30585000.0,-16148000.0,25724000.0,17000.0
ALIM,2011-06-30,False,Q2,2011,10-Q,,,-5208000.0,-0.17,-0.17,0.0,45874000.0,45653000.0,5212000.0,43932000.0,36650000.0,-10576000.0,25748000.0,246000.0
ALCO,2011-06-30,False,Q3,2011,10-Q,39341000.0,10073000.0,5971000.0,0.81,0.81,0.0,189828000.0,39063000.0,10107000.0,3074000.0,113082000.0,7185000.0,-5642000.0,-9395000.0
ALCO,2011-09-30,False,FY,2011,10-K,98592000.0,15237000.0,7097000.0,0.96,0.96,0.12,180035000.0,29181000.0,11827000.0,1336000.0,110662000.0,16747000.0,-8093000.0,-18244000.0
ALKS,2011-09-30,False,Q2,2012,10-Q,71978000.0,-11763000.0,-22255000.0,-0.22,-0.22,0.0,1504103000.0,355708000.0,90324000.0,89237000.0,909680000.0,-15554000.0,-393051000.0,459448000.0
ALXN,2010-06-30,False,Q2,2010,10-Q,125834000.0,32325000.0,21773000.0,0.24,0.24,0.0,889594000.0,491785000.0,89229000.0,212104000.0,792214000.0,66954000.0,-23920000.0,14210000.0
ALXN,2010-09-30,False,Q3,2010,10-Q,141569000.0,42713000.0,27873000.0,0.31,0.3,0.0,942257000.0,558237000.0,117663000.0,209956000.0,811816000.0,109897000.0,-79340000.0,23017000.0
ALXN,2010-12-31,False,FY,2010,10-K,540957000.0,150638000.0,97030000.0,1.09,1.04,0.0,1012037000.0,646556000.0,138515000.0,267145000.0,859736000.0,160906000.0,-89318000.0,38867000.0
ALXN,2011-03-31,False,Q1,2011,10-Q,166126000.0,40233000.0,26830000.0,0.3,0.28,0.0,1154529000.0,669246000.0,217182000.0,289430000.0,901365000.0,24361000.0,-72965000.0,69892000.0
ALXN,2011-06-30,False,Q2,2011,10-Q,185699000.0,49024000.0,34745000.0,0.19,0.18,0.0,1179575000.0,700395000.0,187780000.0,347868000.0,953502000.0,103045000.0,-41970000.0,17788000.0
ALXN,2011-09-30,False,Q3,2011,10-Q,204047000.0,66199000.0,65570000.0,0.36,0.34,0.0,1305042000.0,817356000.0,211244000.0,438154000.0,1055728000.0,179297000.0,-34378000.0,26197000.0
ALGN,2010-06-30,False,Q2,2010,10-Q,108196000.0,45344000.0,32603000.0,0.43,0.42,0.0,408692000.0,331097000.0,73807000.0,235801000.0,333953000.0,61241000.0,1959000.0,6364000.0
ALGN,2010-09-30,False,Q3,2010,10-Q,95947000.0,21923000.0,16815000.0,0.22,0.22,0.0,445235000.0,357942000.0,80036000.0,264924000.0,359402000.0,97004000.0,-8556000.0,10018000.0
ALGN,2010-12-31,False,FY,2010,10-K,387126000.0,102734000.0,74253000.0,0.98,0.95,0.0,476943000.0,388611000.0,92974000.0,294664000.0,377747000.0,129529000.0,-15920000.0,14707000.0
ALGN,2011-03-31,False,Q1,2011,10-Q,104856000.0,21023000.0,15841000.0,0.21,0.2,0.0,496982000.0,417941000.0,87994000.0,308608000.0,402105000.0,17248000.0,-7226000.0,3749000.0
ALGN,2011-06-30,False,Q2,2011,10-Q,120086000.0,16595000.0,11162000.0,0.14,0.14,0.0,547049000.0,286573000.0,109451000.0,168607000.0,429782000.0,46944000.0,-188206000.0,15128000.0
ALXA,2011-06-30,False,Q2,2011,10-Q,1258000.0,-8141000.0,-9006000.0,-0.13,-0.13,0.0,62376000.0,39379000.0,31273000.0,15872000.0,11852000.0,-15938000.0,4623000.0,339758000.0
ALXA,2011-09-30,False,Q3,2011,10-Q,1259000.0,-9901000.0,-13417000.0,-0.19,-0.19,0.0,51239000.0,29206000.0,35186000.0,10503000.0,-910000.0,-24581000.0,9372000.0,338283000.0
AMZN,2011-09-30,False,Q3,2011,10-Q,10876000000.0,79000000.0,63000000.0,0.14,0.14,0.0,19054000000.0,11904000000.0,8978000000.0,2823000000.0,7766000000.0,797000000.0,100000000.0,-82000000.0
ABK,2011-09-30,False,Q3,2011,10-Q,25717000.0,,-75507000.0,-0.25,-0.25,0.0,27626582000.0,,,21316000.0,-2180576000.0,198898000.0,29905000.0,-216984000.0
ABK,2011-06-30,False,Q2,2011,10-Q,148195000.0,,-102432000.0,-0.34,-0.34,0.0,27940429000.0,,,17379000.0,-2073981000.0,207563000.0,15907000.0,-215588000.0
AMZN,2009-06-30,False,Q2,2009,10-Q,4651000000.0,159000000.0,142000000.0,0.33,0.32,0.0,7675000000.0,5304000000.0,3636000000.0,1936000000.0,3256000000.0,468000000.0,-279000000.0,-3000000.0
AMZN,2009-09-30,False,Q3,2009,10-Q,5449000000.0,251000000.0,199000000.0,0.46,0.45,0.0,8972000000.0,6369000000.0,4537000000.0,2514000000.0,3585000000.0,799000000.0,-302000000.0,64000000.0
AMZN,2009-12-31,False,FY,2009,10-K,24509000000.0,1129000000.0,902000000.0,2.08,2.04,0.0,13813000000.0,9797000000.0,7364000000.0,3444000000.0,5257000000.0,3293000000.0,-2337000000.0,-280000000.0
AMZN,2010-03-31,False,Q1,2010,10-Q,7131000000.0,394000000.0,299000000.0,0.67,0.66,0.0,12042000000.0,7964000000.0,5193000000.0,1844000000.0,5618000000.0,-1098000000.0,-542000000.0,87000000.0
AMZN,2010-06-30,False,Q2,2010,10-Q,6566000000.0,270000000.0,207000000.0,0.46,0.45,0.0,12397000000.0,8118000000.0,5250000000.0,1629000000.0,5857000000.0,250000000.0,-475000000.0,43000000.0
AMZN,2010-09-30,False,Q3,2010,10-Q,7560000000.0,268000000.0,231000000.0,0.51,0.51,0.0,14162000000.0,9559000000.0,6375000000.0,1539000000.0,6397000000.0,855000000.0,-1128000000.0,93000000.0
AMZN,2010-12-31,False,FY,2010,10-K,34204000000.0,1406000000.0,1152000000.0,2.58,2.53,0.0,18797000000.0,13747000000.0,10372000000.0,3777000000.0,6864000000.0,3495000000.0,-3360000000.0,181000000.0
AMZN,2011-03-31,False,Q1,2011,10-Q,9857000000.0,322000000.0,201000000.0,0.44,0.44,0.0,16882000000.0,11288000000.0,7730000000.0,2641000000.0,7347000000.0,-1586000000.0,390000000.0,24000000.0
AMZN,2011-06-30,False,Q2,2011,10-Q,9913000000.0,201000000.0,191000000.0,0.42,0.41,0.0,17941000000.0,11279000000.0,8045000000.0,2047000000.0,7765000000.0,423000000.0,-951000000.0,-91000000.0
AMAG,2011-03-31,False,Q1,2011,10-Q,13385000.0,,-22295000.0,-1.05,-1.05,0.0,313222000.0,268731000.0,33592000.0,77318000.0,227158000.0,-21225000.0,-14113000.0,10000.0
AMAG,2010-12-31,False,FY,2010,10-K,66245000.0,,-81153000.0,-3.9,-3.9,0.0,336076000.0,290784000.0,36711000.0,112646000.0,245286000.0,-1527000.0,-103741000.0,167788000.0
AMAG,2011-06-30,False,Q2,2011,10-Q,15402000.0,,-19562000.0,-0.92,-0.92,0.0,301239000.0,265570000.0,38362000.0,79956000.0,212018000.0,-29903000.0,-3091000.0,304000.0
AMAG,2011-09-30,False,Q3,2011,10-Q,17555000.0,,-16631000.0,-0.78,-0.78,0.0,289736000.0,257961000.0,43475000.0,75777000.0,197014000.0,-42147000.0,4974000.0,304000.0
AIMC,2011-10-01,False,Q3,2011,10-Q,177853000.0,18651000.0,12140000.0,0.46,0.46,0.0,635323000.0,332914000.0,107894000.0,90261000.0,210238000.0,29107000.0,-81816000.0,69009000.0
AIMC,2011-07-02,False,Q2,2011,10-Q,165395000.0,19072000.0,8918000.0,0.34,0.34,0.0,643498000.0,333449000.0,108832000.0,90487000.0,205900000.0,7155000.0,-69705000.0,78634000.0
ASPS,2011-06-30,False,Q2,2011,10-Q,93268000.0,16267000.0,13385000.0,0.54,0.52,0.0,203049000.0,92565000.0,31850000.0,35032000.0,167876000.0,38162000.0,-8709000.0,-16555000.0
ASPS,2011-09-30,False,Q3,2011,10-Q,109793000.0,21125000.0,17171000.0,0.71,0.67,0.0,209729000.0,80610000.0,42491000.0,21250000.0,163675000.0,68751000.0,-28983000.0,-40652000.0
ALTR,2009-06-26,False,Q2,2009,10-Q,279201000.0,,47423000.0,0.16,0.16,0.05,2006256000.0,1768197000.0,398355000.0,1274975000.0,898824000.0,90871000.0,-8628000.0,-24011000.0
ALTR,2009-09-25,False,Q3,2009,10-Q,286612000.0,,56704000.0,0.19,0.19,0.05,2146969000.0,1918154000.0,476175000.0,1363939000.0,958577000.0,196354000.0,-11590000.0,-37568000.0
ALTR,2009-12-31,False,FY,2009,10-K,1195413000.0,,251062000.0,0.85,0.84,0.2,2293231000.0,2041770000.0,489961000.0,1546672000.0,1085336000.0,372706000.0,-13875000.0,-28902000.0
ALTR,2010-04-02,False,Q1,2010,10-Q,402295000.0,,153173000.0,0.51,0.5,0.05,2637369000.0,2394461000.0,613376000.0,1738375000.0,1313501000.0,132670000.0,2007000.0,57026000.0
ALTR,2010-07-02,False,Q2,2010,10-Q,469300000.0,,180607000.0,0.59,0.58,0.05,2982990000.0,2751373000.0,660702000.0,2067215000.0,1594951000.0,378591000.0,-976000.0,142928000.0
ALTR,2010-10-01,False,Q3,2010,10-Q,527453000.0,,217491000.0,0.7,0.69,0.06,3351450000.0,3128880000.0,704859000.0,2414416000.0,1924258000.0,646544000.0,-4945000.0,226145000.0
ALTR,2010-12-31,False,FY,2010,10-K,1954426000.0,,782884000.0,2.55,2.49,0.22,3759837000.0,3531010000.0,696487000.0,2765196000.0,2323652000.0,856695000.0,-22952000.0,384781000.0
ALTR,2011-04-01,False,Q1,2011,10-Q,535813000.0,,224069000.0,0.7,0.68,0.06,3996801000.0,3770768000.0,648749000.0,3097981000.0,2606672000.0,297009000.0,-3831000.0,39607000.0
ALTR,2011-07-01,False,Q2,2011,10-Q,548383000.0,,214627000.0,0.66,0.65,0.06,4207749000.0,3988857000.0,596584000.0,3267370000.0,2857091000.0,456364000.0,-9042000.0,54852000.0
ALTR,2011-09-30,False,Q3,2011,10-Q,522474000.0,,185404000.0,0.58,0.57,0.08,4271810000.0,3969178000.0,1167421000.0,3177314000.0,2834768000.0,739237000.0,-151229000.0,-175890000.0
AOSL,2011-09-30,False,Q1,2012,10-Q,83448000.0,2900000.0,2139000.0,0.09,0.08,0.0,321446000.0,172680000.0,54959000.0,88400000.0,262153000.0,11941000.0,-12652000.0,2409000.0
ATEC,2011-06-30,False,Q2,2011,10-Q,50862000.0,-3304000.0,-3044000.0,-0.03,-0.03,0.0,384446000.0,121865000.0,42529000.0,21761000.0,275324000.0,4556000.0,-4817000.0,-1152000.0
ATEC,2011-09-30,False,Q3,2011,10-Q,47619000.0,-2362000.0,-1304000.0,-0.01,-0.01,0.0,372690000.0,119439000.0,44111000.0,22144000.0,267469000.0,11109000.0,-9098000.0,-2985000.0
AFAM,2011-06-30,False,Q2,2011,10-Q,81721000.0,8328000.0,4950000.0,0.53,0.53,0.0,233209000.0,108313000.0,26879000.0,56178000.0,195493000.0,13742000.0,-5353000.0,-154000.0
AFAM,2011-09-30,False,Q3,2011,10-Q,86207000.0,8037000.0,4842000.0,0.52,0.52,0.0,244661000.0,88826000.0,30704000.0,29611000.0,200613000.0,19404000.0,-37549000.0,-187000.0
ALNY,2010-06-30,False,Q2,2010,10-Q,26617000.0,-11626000.0,-14632000.0,-0.35,-0.35,0.0,440180000.0,273510000.0,102033000.0,66182000.0,165478000.0,-39915000.0,-34425000.0,3083000.0
ALNY,2010-09-30,False,Q3,2010,10-Q,27668000.0,-8728000.0,-9630000.0,-0.23,-0.23,0.0,412606000.0,244623000.0,99433000.0,46881000.0,160643000.0,-63953000.0,-29741000.0,3136000.0
ALNY,2010-12-31,False,FY,2010,10-K,100041000.0,-44070000.0,-43515000.0,-1.04,-1.04,0.0,393265000.0,254139000.0,102046000.0,74599000.0,158233000.0,-84341000.0,17838000.0,3663000.0
ALNY,2011-03-31,False,Q1,2011,10-Q,20897000.0,-15676000.0,-16285000.0,-0.38,-0.38,0.0,369052000.0,250709000.0,99344000.0,90590000.0,145567000.0,-6305000.0,22287000.0,9000.0
ALNY,2011-06-30,False,Q2,2011,10-Q,100122000.0,-13118000.0,-13824000.0,-0.33,-0.33,0.0,340828000.0,224334000.0,100534000.0,67110000.0,136551000.0,-32884000.0,24924000.0,471000.0
ALNY,2011-09-30,False,Q3,2011,10-Q,84810000.0,-12438000.0,-13237000.0,-0.31,-0.31,0.0,310223000.0,179957000.0,93927000.0,74336000.0,127873000.0,-61909000.0,61175000.0,471000.0
MDRX,2010-09-30,False,Q3,2010,10-Q,242393000.0,-1687000.0,1373000.0,0.01,0.01,0.0,2377643000.0,550160000.0,385260000.0,120067000.0,1368483000.0,82313000.0,127717000.0,-171645000.0
MDRX,2011-03-31,False,Q1,2011,10-Q,335308000.0,24471000.0,12613000.0,0.07,0.06,0.0,2445941000.0,598623000.0,451975000.0,145446000.0,1427814000.0,66894000.0,-30060000.0,-21446000.0
MDRX,2011-06-30,False,Q2,2011,10-Q,356831000.0,32077000.0,15876000.0,0.08,0.08,0.0,2445607000.0,608453000.0,487732000.0,115671000.0,1407607000.0,119147000.0,-42144000.0,-91384000.0
MDRX,2011-09-30,False,Q3,2011,10-Q,368763000.0,37426000.0,20984000.0,0.11,0.11,0.0,2426509000.0,593308000.0,463208000.0,84778000.0,1438898000.0,161325000.0,-70462000.0,-134438000.0
MGTE,2011-09-30,False,Q3,2011,10-Q,,,,,,0.0,1870546000.0,,,61396000.0,199750000.0,-64000.0,-1561105000.0,1622565000.0
AMR,2010-06-30,False,Q2,2010,10-Q,5674000000.0,196000000.0,-11000000.0,-0.03,-0.03,0.0,25885000000.0,7344000000.0,9359000000.0,197000000.0,-3930000000.0,1173000000.0,-1374000000.0,245000000.0
AMR,2010-09-30,False,Q3,2010,10-Q,5842000000.0,342000000.0,143000000.0,0.43,0.39,0.0,25357000000.0,6837000000.0,8939000000.0,202000000.0,-3643000000.0,1090000000.0,-1496000000.0,455000000.0
AMR,2010-12-31,False,FY,2010,10-K,22170000000.0,308000000.0,-471000000.0,-1.41,-1.41,0.0,25088000000.0,6838000000.0,8780000000.0,168000000.0,-3945000000.0,1241000000.0,-2030000000.0,804000000.0
AMR,2011-03-31,False,Q1,2011,10-Q,5533000000.0,-232000000.0,-436000000.0,-1.31,-1.31,0.0,27113000000.0,8825000000.0,9853000000.0,286000000.0,-3949000000.0,708000000.0,-1555000000.0,965000000.0
AMR,2011-06-30,False,Q2,2011,10-Q,6114000000.0,-78000000.0,-286000000.0,-0.85,-0.85,0.0,25787000000.0,7997000000.0,9766000000.0,318000000.0,-4509000000.0,653000000.0,-1298000000.0,795000000.0
AMR,2011-09-30,False,Q3,2011,10-Q,6376000000.0,39000000.0,-162000000.0,-0.48,-0.48,0.0,24719000000.0,6838000000.0,8923000000.0,304000000.0,-4833000000.0,346000000.0,-930000000.0,720000000.0
ATAX,2011-09-30,False,Q3,2011,10-Q,7144413.0,132052.0,277421.0,0.01,0.01,0.0,297409608.0,,,10411071.0,,7071782.0,-36071992.0,26134233.0
ATAX,2011-06-30,False,Q2,2011,10-Q,6860414.0,-243248.0,-120812.0,0.0,0.0,0.0,293871126.0,,,1898398.0,,3085886.0,-39414645.0,24950109.0
AGNC,2011-03-31,False,Q1,2011,10-Q,15749000.0,,133543000.0,1.48,1.48,1.4,29154963000.0,,,300574000.0,3344501000.0,375539000.0,-12219975000.0,11971752000.0
AGNC,2011-06-30,False,Q2,2011,10-Q,-6121000.0,,177822000.0,1.36,1.36,1.4,43636570000.0,,,625850000.0,4776646000.0,363452000.0,-24507198000.0,24596338000.0
AGNC,2011-09-30,False,Q3,2011,10-Q,41262000.0,,250401000.0,1.39,1.39,1.4,47039429000.0,,,984393000.0,4940256000.0,668850000.0,-29565844000.0,29708129000.0
ASBI,2011-06-30,False,Q2,2011,10-Q,6072000.0,,270000.0,0.09,0.09,0.01,440061000.0,,,4866000.0,33475000.0,2403000.0,3682000.0,9910000.0
AMED,2008-12-31,False,FY,2008,10-K,1187415000.0,157101000.0,86682000.0,3.28,3.22,0.0,1070194000.0,194350000.0,204627000.0,2847000.0,561335000.0,150741000.0,-505651000.0,301567000.0
ASBI,2011-09-30,False,Q3,2011,10-Q,5981000.0,,298000.0,0.1,0.1,0.01,431183000.0,,,4595000.0,34201000.0,3971000.0,11207000.0,-485000.0
AMED,2009-03-31,False,Q1,2009,10-Q,341838000.0,46919000.0,27037000.0,1.01,0.99,0.0,1086401000.0,198871000.0,197316000.0,25648000.0,597294000.0,54485000.0,-15066000.0,-16618000.0
AMED,2009-09-30,False,Q3,2009,10-Q,388257000.0,60734000.0,35940000.0,1.31,1.29,0.0,1130940000.0,200909000.0,232584000.0,45160000.0,686148000.0,218922000.0,-64771000.0,-111838000.0
AMED,2009-06-30,False,Q2,2009,10-Q,377892000.0,59540000.0,35083000.0,1.29,1.27,0.0,1083398000.0,173196000.0,217263000.0,898000.0,642842000.0,130298000.0,-41485000.0,-90762000.0
AMED,2009-12-31,False,FY,2009,10-K,1513459000.0,230748000.0,135837000.0,4.99,4.89,0.0,1172351000.0,218036000.0,229306000.0,34485000.0,736335000.0,247659000.0,-97255000.0,-118766000.0
AMED,2010-03-31,False,Q1,2010,10-Q,412967000.0,61714000.0,36646000.0,1.32,1.29,0.0,1222445000.0,261108000.0,238623000.0,81980000.0,784415000.0,71037000.0,-14366000.0,-9176000.0
AMED,2010-06-30,False,Q2,2010,10-Q,422349000.0,56128000.0,32202000.0,1.15,1.13,0.0,1269220000.0,290371000.0,238237000.0,116027000.0,827521000.0,125434000.0,-27686000.0,-16206000.0
AMED,2010-09-30,False,Q3,2010,10-Q,404680000.0,37108000.0,21634000.0,0.77,0.76,0.0,1263922000.0,282257000.0,218627000.0,128037000.0,848221000.0,172608000.0,-41660000.0,-37396000.0
AMED,2010-12-31,False,FY,2010,10-K,1634319000.0,193510000.0,112580000.0,4.02,3.95,0.0,1299825000.0,293930000.0,216304000.0,120295000.0,879715000.0,206273000.0,-73616000.0,-46847000.0
AMED,2011-03-31,False,Q1,2011,10-Q,364302000.0,27481000.0,15288000.0,0.54,0.53,0.0,1327560000.0,318097000.0,227728000.0,148868000.0,904127000.0,52554000.0,-15946000.0,-8035000.0
AMED,2011-06-30,False,Q2,2011,10-Q,373722000.0,38010000.0,21656000.0,0.76,0.75,0.0,1340647000.0,204781000.0,215790000.0,28132000.0,929980000.0,76513000.0,-151535000.0,-17141000.0
AMED,2011-09-30,False,Q3,2011,10-Q,374861000.0,-557317000.0,-423722000.0,-14.73,-14.73,0.0,846776000.0,205415000.0,209508000.0,29462000.0,511981000.0,104293000.0,-168663000.0,-26463000.0
DOX,2009-09-30,False,FY,2009,20-F,2727461000.0,367319000.0,326176000.0,1.61,1.58,0.0,4328417000.0,1872558000.0,610867000.0,728762000.0,3213053000.0,519156000.0,-66376000.0,-442868000.0
DOX,2010-09-30,False,FY,2010,20-F,2883256000.0,410433000.0,343906000.0,1.7,1.69,0.0,4820604000.0,2251799000.0,1024147000.0,1036195000.0,3229380000.0,685198000.0,-211506000.0,-166259000.0
DOX,2011-09-30,False,FY,2011,20-F,3058491000.0,404364000.0,346665000.0,1.87,1.86,0.0,4636572000.0,1979320000.0,1011206000.0,831371000.0,3023301000.0,535492000.0,-221671000.0,-518645000.0
AMCX,2011-06-30,False,Q2,2011,10-Q,291965000.0,82274000.0,27155000.0,0.39,0.39,0.0,2110466000.0,801144000.0,286461000.0,197837000.0,-1099435000.0,119122000.0,-4462000.0,2857000.0
AMCX,2011-09-30,False,Q3,2011,10-Q,283914000.0,94444000.0,40003000.0,0.58,0.55,0.0,2121457000.0,815403000.0,295884000.0,224959000.0,-1065497000.0,202361000.0,-7386000.0,-50128000.0
EPAX,2011-09-30,False,Q3,2011,10-Q,26742000.0,7455000.0,6052000.0,0.34,0.34,0.0,108917000.0,68298000.0,21719000.0,5217000.0,86021000.0,-14685000.0,23603000.0,-10539000.0
EPAX,2011-06-30,False,Q2,2011,10-Q,36056000.0,19289000.0,13431000.0,0.76,0.75,0.0,157716000.0,116662000.0,72779000.0,5617000.0,83719000.0,19695000.0,-12828000.0,-8088000.0
UHAL,2011-06-30,False,Q1,2012,10-Q,642965000.0,148363000.0,69238000.0,3.56,,0.0,4174456000.0,,,243753000.0,919740000.0,151365000.0,-173967000.0,-109185000.0
UHAL,2011-09-30,False,Q2,2012,10-Q,703181000.0,184433000.0,101011000.0,5.2,,0.0,4403137000.0,,,448159000.0,1006342000.0,418783000.0,-302738000.0,-42993000.0
AETI,2011-09-30,False,Q3,2011,10-Q,13704000.0,52000.0,359000.0,0.05,0.04,0.0,36329000.0,20297000.0,8309000.0,1871000.0,22609000.0,-1066000.0,711000.0,862000.0
AMSWA,2011-10-31,False,Q2,2012,10-Q,25598000.0,4716000.0,2981000.0,0.11,0.11,0.09,104953000.0,68828000.0,27586000.0,24455000.0,76593000.0,2026000.0,1813000.0,-3312000.0
CRMT,2011-07-31,False,Q1,2012,10-Q,100524000.0,,8282000.0,0.81,0.78,0.0,288030000.0,,,219000.0,184972000.0,1243000.0,-734000.0,-513000.0
CRMT,2011-10-31,False,Q2,2012,10-Q,110807000.0,,7760000.0,0.79,0.77,0.0,301023000.0,,,330000.0,178441000.0,-1116000.0,-2029000.0,3252000.0
ABCB,2011-06-30,False,Q2,2011,10-Q,41897000.0,,1307000.0,0.06,0.06,0.0,2857237000.0,,,68552000.0,277158000.0,9857000.0,104280000.0,-119911000.0
ABCB,2011-09-30,False,Q3,2011,10-Q,68510000.0,,15643000.0,0.67,0.66,0.0,3010379000.0,,,55761000.0,294422000.0,35638000.0,264789000.0,-318992000.0
AMSC,2010-06-30,False,Q1,2011,10-Q,97209000.0,16081000.0,9170000.0,0.2,0.2,0.0,410033000.0,264312000.0,107745000.0,64844000.0,285965000.0,-18479000.0,-41000.0,561000.0
AMSC,2010-09-30,False,Q2,2011,10-Q,101529000.0,15945000.0,9988000.0,0.22,0.22,0.0,465235000.0,293074000.0,120877000.0,52615000.0,325578000.0,-1878000.0,-37295000.0,1574000.0
AMSC,2010-12-31,False,Q3,2011,10-Q,114193000.0,21470000.0,16004000.0,0.33,0.33,0.0,640441000.0,450451000.0,120296000.0,169021000.0,499971000.0,-16336000.0,-65059000.0,162590000.0
AMSC,2011-06-30,False,Q1,2012,10-Q,9058000.0,-38327000.0,-37679000.0,-0.74,-0.74,0.0,393662000.0,266123000.0,130844000.0,130885000.0,259741000.0,-57774000.0,59753000.0,4376000.0
AMSC,2010-12-31,True,Q3,2011,10-Q,31570000.0,,-18158000.0,-0.38,-0.38,0.0,573096000.0,400626000.0,107269000.0,169021000.0,462122000.0,-16042000.0,-64771000.0,162590000.0
AMSC,2010-09-30,True,Q2,2011,10-Q,98073000.0,,7839000.0,0.17,0.17,0.0,464877000.0,290906000.0,122687000.0,52615000.0,323410000.0,-1878000.0,-37295000.0,1574000.0
AMSC,2011-03-31,False,FY,2011,10-K,286603000.0,-177983000.0,-186284000.0,-3.95,-3.95,0.0,441209000.0,319805000.0,145180000.0,123783000.0,292855000.0,-22821000.0,-104833000.0,163058000.0
AMSC,2011-09-30,False,Q2,2012,10-Q,20800000.0,-51125000.0,-51709000.0,-1.02,-1.02,0.0,325728000.0,202050000.0,114101000.0,93511000.0,208227000.0,-106896000.0,76228000.0,-121000.0
AMWD,2011-10-31,False,Q2,2012,10-Q,128418000.0,-4560000.0,-2976000.0,-0.21,-0.21,0.0,262734000.0,119011000.0,47787000.0,57081000.0,149890000.0,7879000.0,-4640000.0,-1578000.0
AMWD,2011-07-31,False,Q1,2012,10-Q,131199000.0,-3925000.0,-2716000.0,-0.19,-0.19,0.09,267557000.0,121916000.0,51569000.0,56118000.0,151406000.0,4208000.0,-2087000.0,-1423000.0
AMSWA,2011-07-31,False,Q1,2012,10-Q,23709000.0,3594000.0,2288000.0,0.09,0.09,0.09,102818000.0,65069000.0,26642000.0,20500000.0,75111000.0,-2021000.0,230000.0,-1637000.0
ASEI,2011-06-30,False,Q1,2012,10-Q,51103000.0,8567000.0,5693000.0,0.62,0.61,0.3,346675000.0,319475000.0,65080000.0,48924000.0,272673000.0,14023000.0,-40611000.0,15368000.0
ASEI,2011-09-30,False,Q2,2012,10-Q,54778000.0,10205000.0,6851000.0,0.75,0.74,0.3,331308000.0,304029000.0,61990000.0,24994000.0,261316000.0,25415000.0,-56383000.0,-4182000.0
AMRB,2011-09-30,False,Q3,2011,10-Q,750000.0,,1049000.0,0.11,0.11,0.0,581720000.0,,,50562000.0,93112000.0,6349000.0,11875000.0,467000.0
AMRB,2011-06-30,False,Q2,2011,10-Q,454000.0,,221000.0,0.02,0.02,0.0,569725000.0,,,35048000.0,91187000.0,4506000.0,8530000.0,-9859000.0
ARII,2011-06-30,False,Q2,2011,10-Q,111913000.0,8194000.0,569000.0,0.03,0.03,0.0,662362000.0,435583000.0,69295000.0,301051000.0,303863000.0,-14735000.0,-3740000.0,756000.0
ARII,2011-09-30,False,Q3,2011,10-Q,125784000.0,12021000.0,4026000.0,0.19,0.19,0.0,687430000.0,456653000.0,88424000.0,284099000.0,306948000.0,-19220000.0,-16172000.0,756000.0
APEI,2009-09-30,False,Q3,2009,10-Q,36471000.0,8386000.0,5012000.0,0.28,0.27,0.0,105105000.0,79649000.0,27906000.0,63788000.0,72649000.0,22835000.0,-8581000.0,1820000.0
APEI,2010-03-31,False,Q1,2010,10-Q,47311000.0,13137000.0,7648000.0,0.42,0.4,0.0,127715000.0,97916000.0,32100000.0,85534000.0,90790000.0,14185000.0,-3842000.0,325000.0
APEI,2009-12-31,False,FY,2009,10-K,148998000.0,39866000.0,23943000.0,1.32,1.27,0.0,115753000.0,88382000.0,28963000.0,74866000.0,82018000.0,36756000.0,-11795000.0,2191000.0
APEI,2010-06-30,False,Q2,2010,10-Q,46254000.0,11739000.0,7025000.0,0.38,0.37,0.0,134659000.0,101517000.0,28912000.0,86163000.0,100148000.0,18154000.0,-8735000.0,1878000.0
APEI,2010-06-30,False,Q2,2010,10-Q,46254000.0,11739000.0,7025000.0,0.38,0.37,0.0,134659000.0,101517000.0,28912000.0,86163000.0,100148000.0,18154000.0,-8735000.0,1878000.0
APEI,2010-09-30,False,Q3,2010,10-Q,48295000.0,9315000.0,5588000.0,0.3,0.3,0.0,139827000.0,102640000.0,36210000.0,86596000.0,97845000.0,32836000.0,-14347000.0,-6759000.0
APEI,2010-12-31,False,FY,2010,10-K,198174000.0,50022000.0,29868000.0,1.63,1.59,0.0,141839000.0,98003000.0,37586000.0,81352000.0,97300000.0,47078000.0,-23027000.0,-17565000.0
APEI,2011-03-31,False,Q1,2011,10-Q,58664000.0,13071000.0,7857000.0,0.44,0.43,0.0,158410000.0,112627000.0,46468000.0,96530000.0,105012000.0,19875000.0,-3657000.0,-1040000.0
APEI,2011-06-30,False,Q2,2011,10-Q,60795000.0,14911000.0,8976000.0,0.5,0.49,0.0,158546000.0,111654000.0,41027000.0,94503000.0,110195000.0,25674000.0,-6908000.0,-5615000.0
APEI,2011-09-30,False,Q3,2011,10-Q,65251000.0,15034000.0,10939000.0,0.61,0.6,0.0,178712000.0,127236000.0,49970000.0,107306000.0,120050000.0,47500000.0,-13994000.0,-7552000.0
AMNB,2011-06-30,False,Q2,2011,10-Q,10558000.0,,1012000.0,0.16,0.16,0.0,846016000.0,,,15873000.0,111190000.0,7688000.0,7726000.0,5255000.0
AMNB,2011-09-30,False,Q3,2011,10-Q,17477000.0,,4129000.0,0.52,0.52,0.0,1305139000.0,,,23450000.0,151361000.0,13908000.0,39006000.0,-17892000.0
ANAT,2011-09-30,False,Q3,2011,10-Q,733344000.0,,57569000.0,2.17,2.15,0.0,22288918000.0,,,100100000.0,3638662000.0,265474000.0,-845149000.0,578326000.0
ANAT,2011-06-30,False,Q2,2011,10-Q,762414000.0,,30058000.0,1.13,1.13,0.0,22446948000.0,,,78114000.0,3703984000.0,169793000.0,-740818000.0,547690000.0
AMIC,2011-09-30,False,Q3,2011,10-Q,22969000.0,1506000.0,913000.0,0.11,0.11,0.0,135237000.0,,,3001000.0,94924000.0,1771000.0,-1441000.0,57000.0
AMIC,2011-06-30,False,Q2,2011,10-Q,21970000.0,495000.0,137000.0,0.02,0.02,0.0,139896000.0,,,1340000.0,93980000.0,-4000.0,-1318000.0,48000.0
AETI,2011-06-30,False,Q2,2011,10-Q,11427000.0,-1280000.0,-727000.0,-0.09,-0.09,0.0,34782000.0,19147000.0,7081000.0,2556000.0,22157000.0,-548000.0,850000.0,890000.0
ANCI,2011-06-30,False,Q2,2011,10-Q,11308000.0,-975000.0,-645000.0,-0.04,-0.04,0.0,25831000.0,17438000.0,5483000.0,11353000.0,20348000.0,-2787000.0,-372000.0,
ANCI,2011-09-30,False,Q3,2011,10-Q,11496000.0,-5562000.0,-6523000.0,-0.38,-0.38,0.0,18538000.0,15400000.0,4559000.0,11061000.0,13979000.0,-2880000.0,-571000.0,0.0
AMSF,2011-09-30,False,Q3,2011,10-Q,71743000.0,,6692000.0,0.37,0.36,0.0,1153197000.0,,,68940000.0,338486000.0,29772000.0,-4526000.0,-17272000.0
AMRS,2011-09-30,False,Q3,2011,10-Q,36276000.0,-44068000.0,-43690000.0,-0.97,-0.97,0.0,301302000.0,146700000.0,62890000.0,106142000.0,203575000.0,-65768000.0,23636000.0,6041000.0
AMRS,2011-06-30,False,Q2,2011,10-Q,32002000.0,-42829000.0,-42615000.0,-0.95,-0.95,0.0,324661000.0,205018000.0,48484000.0,152169000.0,250536000.0,-47844000.0,50275000.0,6394000.0
ANAC,2011-09-30,False,Q3,2011,10-Q,12644000.0,-4072000.0,-4403000.0,-0.16,-0.16,0.0,60608000.0,58030000.0,17705000.0,17299000.0,26897000.0,-23381000.0,17215000.0,1722000.0
ANAC,2011-06-30,False,Q2,2011,10-Q,2857000.0,-14969000.0,-15295000.0,-0.54,-0.54,0.0,68456000.0,65843000.0,19063000.0,10995000.0,29742000.0,-15808000.0,3538000.0,1522000.0
AFSI,2011-06-30,False,Q2,2011,10-Q,322021000.0,43869000.0,50162000.0,0.84,0.81,0.08,5135597000.0,,,256446000.0,873143000.0,174895000.0,-86981000.0,-36171000.0
AFSI,2011-09-30,False,Q3,2011,10-Q,373401000.0,50734000.0,35096000.0,0.59,0.57,0.09,5419349000.0,,,320863000.0,907729000.0,232323000.0,-151438000.0,37326000.0
ASYS,2011-06-30,False,Q3,2011,10-Q,71871000.0,12147000.0,7298000.0,0.76,0.74,0.0,220449000.0,185196000.0,96844000.0,60232000.0,121502000.0,5361000.0,-5598000.0,1964000.0
ASYS,2011-09-30,False,FY,2011,10-K,246705000.0,38279000.0,22882000.0,2.41,2.34,0.0,205865000.0,174851000.0,80794000.0,67382000.0,122331000.0,15426000.0,-6238000.0,2058000.0
ATLO,2011-09-30,False,Q3,2011,10-Q,11476848.0,,3589874.0,,0.38,0.13,1020228010.0,,,23033128.0,133515771.0,14585989.0,-45461664.0,38430670.0
ATLO,2011-06-30,False,Q2,2011,10-Q,11275933.0,,3243372.0,,0.34,0.13,1000556396.0,,,17409710.0,130277392.0,10076489.0,-33717095.0,25572183.0
AMSG,2010-06-30,False,Q2,2010,10-Q,179895000.0,59134000.0,13142000.0,0.43,0.43,0.0,1109412000.0,123050000.0,36655000.0,26513000.0,543792000.0,106884000.0,-40732000.0,-69016000.0
AMSG,2010-12-31,False,FY,2010,10-K,710409000.0,229283000.0,49825000.0,1.65,1.62,0.0,1165878000.0,132956000.0,43563000.0,34147000.0,576867000.0,230575000.0,-72905000.0,-152900000.0
AMSG,2010-09-30,False,Q3,2010,10-Q,180275000.0,57122000.0,13118000.0,0.43,0.43,0.0,1126736000.0,127725000.0,37729000.0,28797000.0,557732000.0,164756000.0,-55115000.0,-110221000.0
AMSG,2011-03-31,False,Q1,2011,10-Q,179415000.0,56641000.0,11693000.0,0.38,0.38,0.0,1168793000.0,136171000.0,40355000.0,37708000.0,587801000.0,51280000.0,-4673000.0,-43046000.0
AMSG,2011-06-30,False,Q2,2011,10-Q,188730000.0,60160000.0,11630000.0,0.38,0.37,0.0,1235468000.0,132783000.0,41726000.0,32954000.0,611523000.0,113025000.0,-52608000.0,-61610000.0
AMSG,2011-09-30,False,Q3,2011,10-Q,195934000.0,59880000000.0,13126000000.0,0.43,0.42,0.0,1469668000.0,156009000.0,53008000000.0,35839000000.0,702583000.0,175607000.0,-199258000.0,25343000000.0
AMSF,2011-06-30,False,Q2,2011,10-Q,67051000.0,,4569000.0,0.25,0.24,0.0,1152548000.0,,,62044000.0,337213000.0,4659000.0,-3415000.0,-166000.0
AMKR,2010-06-30,False,Q2,2010,10-Q,749165000.0,100748000.0,59050000.0,0.32,0.23,0.0,2693058000.0,1096925000.0,804116000.0,437803000.0,497147000.0,190508000.0,-143881000.0,-4236000.0
AMKR,2010-09-30,False,Q3,2010,10-Q,793971000.0,117854000.0,78020000.0,0.42,0.3,0.0,2821904000.0,1136065000.0,901396000.0,417498000.0,581003000.0,366962000.0,-274967000.0,-70634000.0
AMKR,2011-03-31,False,Q1,2011,10-Q,664950000.0,49999000.0,25103000.0,0.13,0.1,0.0,2701573000.0,1010783000.0,704118000.0,392951000.0,764432000.0,120227000.0,-111640000.0,-20482000.0
AMKR,2010-12-31,False,FY,2010,10-K,2939483000.0,373798000.0,231971000.0,1.26,0.91,0.0,2736822000.0,1062067000.0,772208000.0,404998000.0,636681000.0,542595000.0,-444921000.0,-89857000.0
AMKR,2011-06-30,False,Q2,2011,10-Q,687633000.0,55974000.0,14430000.0,0.07,0.07,0.0,2817695000.0,1110915000.0,680298000.0,475471000.0,781384000.0,233897000.0,-208009000.0,44595000.0
AMKR,2011-09-30,False,Q3,2011,10-Q,740007000.0,43995000.0,27261000.0,0.14,0.11,0.0,2889387000.0,1136449000.0,775275000.0,483390000.0,763528000.0,375792000.0,-306929000.0,7303000.0
AMGN,2010-03-31,False,Q1,2010,10-Q,3592000000.0,1481000000.0,1167000000.0,1.19,1.18,0.0,40366000000.0,19809000000.0,6562000000.0,2266000000.0,22339000000.0,913000000.0,-955000000.0,-576000000.0
AMGN,2010-06-30,False,Q2,2010,10-Q,3804000000.0,1517000000.0,1202000000.0,1.25,1.25,0.0,40800000000.0,20164000000.0,5992000000.0,1712000000.0,23170000000.0,2477000000.0,-2390000000.0,-1259000000.0
AMGN,2010-09-30,False,Q3,2010,10-Q,3816000000.0,1479000000.0,1236000000.0,1.29,1.28,0.0,43534000000.0,22930000000.0,6260000000.0,2951000000.0,24071000000.0,3779000000.0,-3661000000.0,-51000000.0
AMGN,2010-12-31,False,FY,2010,10-K,15053000000.0,5545000000.0,4627000000.0,4.82,4.79,0.0,43486000000.0,23129000000.0,6570000000.0,3287000000.0,23944000000.0,5787000000.0,-4152000000.0,-1232000000.0
AMGN,2011-03-31,False,Q1,2011,10-Q,3706000000.0,1293000000.0,1125000000.0,1.21,1.2,0.0,42714000000.0,21689000000.0,4249000000.0,1266000000.0,24984000000.0,1030000000.0,-555000000.0,-2496000000.0
AMGN,2011-06-30,False,Q2,2011,10-Q,3959000000.0,1332000000.0,1170000000.0,1.26,1.25,0.0,46936000000.0,25481000000.0,4582000000.0,5998000000.0,25614000000.0,2566000000.0,291000000.0,-146000000.0
AMGN,2011-09-30,False,Q3,2011,10-Q,3944000000.0,525000000.0,454000000.0,0.5,0.5,0.28,45765000000.0,24430000000.0,5315000000.0,3891000000.0,23553000000.0,3535000000.0,-566000000.0,-2365000000.0
FOLD,2011-06-30,False,Q2,2011,10-Q,4040000.0,-14724000.0,-12641000.0,-0.37,-0.37,0.0,90288000.0,88099000.0,16878000.0,25789000.0,44607000.0,-23913000.0,20448000.0,264927000.0
FOLD,2011-09-30,False,Q3,2011,10-Q,5798000.0,-13134000.0,-9759000.0,-0.28,-0.28,0.0,78867000.0,76394000.0,18625000.0,22810000.0,36789000.0,-36901000.0,30760000.0,264624000.0
ASRV,2011-06-30,False,Q2,2011,10-Q,13984000.0,,1648000.0,0.08,0.08,0.0,954893000.0,,,18389000.0,111410000.0,10225000.0,-9049000.0,2214000.0
ASRV,2011-09-30,False,Q3,2011,10-Q,14016000.0,,1027000.0,0.05,0.05,0.0,973439000.0,,,18245000.0,114164000.0,10296000.0,-12869000.0,19422000.0
ALOG,2011-10-31,False,Q1,2012,10-Q,117857000.0,5584000.0,4026000.0,0.32,0.32,0.0,501414000.0,362929000.0,77306000.0,151106000.0,414563000.0,2803000.0,-6815000.0,-13210000.0
ATNY,2011-08-31,False,Q1,2012,10-Q,69231222.0,1581789.0,10371882.0,0.2,0.2,0.0,511435437.0,146659430.0,45726442.0,16155080.0,284049431.0,-11505340.0,-266790684.0,186059185.0
OINK,2011-06-30,False,Q2,2011,10-Q,7670429.0,2581695.0,2479151.0,0.24,0.24,0.0,40359891.0,15420057.0,,6249514.0,35598267.0,2754328.0,-7377894.0,2751831.0
OINK,2011-09-30,False,Q3,2011,10-Q,9169325.0,3003356.0,2944373.0,0.29,0.29,0.0,44991770.0,18760217.0,,7534515.0,39276506.0,5628024.0,-9678063.0,3078107.0
AIS,2011-06-30,False,Q2,2011,10-Q,3542873.0,-1596395.0,-1554097.0,-0.02,-0.02,0.0,38880049.0,36346138.0,6676622.0,33327248.0,31334232.0,-3058576.0,-255065.0,26799549.0
AIS,2011-09-30,False,Q3,2010,10-Q,3919037.0,-1266501.0,-1299259.0,-0.01,-0.01,0.0,38495702.0,29905620.0,6761133.0,17118832.0,30894774.0,-4337257.0,-15405394.0,27020327.0
ANTH,2011-06-30,False,Q2,2011,10-Q,,-22682000.0,-23170000.0,-0.66,-0.66,0.0,116937000.0,115300000.0,21729000.0,108123000.0,71289000.0,-28762000.0,18005000.0,225003000.0
ANTH,2011-09-30,False,Q3,2011,10-Q,,-23370000.0,-24443000.0,-0.6,-0.6,0.0,95580000.0,93989000.0,23789000.0,89526000.0,47663000.0,-47104000.0,18254000.0,224498000.0
ANIK,2011-09-30,False,Q3,2011,10-Q,18455817.0,4817362.0,2976518.0,0.23,0.22,0.0,129780051.0,58647544.0,15138673.0,29048664.0,92853036.0,2865813.0,-953952.0,-1048230.0
ANIK,2011-06-30,False,Q2,2011,10-Q,16140852.0,3677577.0,2282641.0,0.18,0.17,0.0,131392567.0,57485437.0,17381704.0,26829029.0,91133919.0,-110499.0,-655784.0,-648233.0
ANSS,2010-06-30,False,Q2,2010,10-Q,137767000.0,52383000.0,35493000.0,0.39,0.38,0.0,1953550000.0,578742000.0,273267000.0,415488000.0,1402550000.0,119886000.0,2505000.0,-36751000.0
ANSS,2010-09-30,False,Q3,2010,10-Q,139843000.0,51877000.0,36130000.0,0.4,0.39,0.0,2118482000.0,686392000.0,355543000.0,494716000.0,1460140000.0,192149000.0,-2209000.0,-38091000.0
ANSS,2010-12-31,False,FY,2010,10-K,580236000.0,219268000.0,153132000.0,1.69,1.64,0.0,2126876000.0,714633000.0,311369000.0,472479000.0,1529929000.0,166884000.0,-6648000.0,-29639000.0
ANSS,2011-03-31,False,Q1,2011,10-Q,158047000.0,62274000.0,42241000.0,0.46,0.45,0.0,2178360000.0,784745000.0,330526000.0,549934000.0,1576633000.0,84859000.0,-3418000.0,-9229000.0
ANSS,2011-06-30,False,Q2,2011,10-Q,162258000.0,64813000.0,45431000.0,0.49,0.48,0.0,2237975000.0,854251000.0,347457000.0,629712000.0,1640294000.0,163769000.0,-7698000.0,-4991000.0
ANSS,2011-09-30,False,Q3,2011,10-Q,172935000.0,65329000.0,45546000.0,0.49,0.48,0.0,2347905000.0,626427000.0,371479000.0,406298000.0,1693017000.0,230047000.0,-282332000.0,-10008000.0
BPAX,2011-06-30,False,Q2,2011,10-Q,81003.0,,-14975231.0,-0.16,-0.16,0.0,42763850.0,38139321.0,11481498.0,37126006.0,11530516.0,-24361672.0,-542919.0,23875346.0
BPAX,2011-09-30,False,Q3,2011,10-Q,182784.0,,-12733691.0,-0.12,-0.12,0.0,74890908.0,70543909.0,11499718.0,69600199.0,44148857.0,-36944908.0,-645603.0,69035459.0
ANGO,2011-08-31,False,Q1,2012,10-Q,54431000.0,2717000.0,1373000.0,0.05,0.05,0.0,439608000.0,199866000.0,24107000.0,50493000.0,409301000.0,3044000.0,-284000.0,1739000.0
ABCW,2011-06-30,False,Q1,2012,10-Q,44044000.0,,-8154000.0,-0.38,-0.38,0.0,3240867000.0,,,44730000.0,-4990000.0,-6749000.0,196774000.0,-168294000.0
ABCW,2011-09-30,False,Q2,2012,10-Q,47774000.0,,-19593000.0,-0.92,-0.92,0.0,3197441000.0,,,63344000.0,-13391000.0,1822000.0,473582000.0,-227574000.0
ADI,2009-08-01,False,Q3,2009,10-Q,491991000.0,78945000.0,65460000.0,0.22,0.22,0.2,3280151000.0,2359633000.0,353926000.0,632715000.0,2458365000.0,269470000.0,-433643000.0,200671000.0
ADI,2009-10-31,False,FY,2009,10-K,2014908000.0,284817000.0,247772000.0,0.85,0.85,0.8,3404294000.0,2490636000.0,386613000.0,639729000.0,2529149000.0,432148000.0,-534729000.0,145997000.0
ADI,2010-01-30,False,Q1,2010,10-Q,602983000.0,149114000.0,120459000.0,0.41,0.4,0.2,3698170000.0,2840955000.0,451431000.0,914268000.0,2764153000.0,213773000.0,-42961000.0,104670000.0
ADI,2010-05-01,False,Q2,2010,10-Q,668240000.0,214075000.0,167140000.0,0.56,0.55,0.2,3928097000.0,3078308000.0,564717000.0,1008372000.0,2890250000.0,492093000.0,-173053000.0,50852000.0
ADI,2010-07-31,False,Q3,2010,10-Q,720290000.0,251145000.0,199491000.0,0.67,0.65,0.22,4104068000.0,3234538000.0,588379000.0,993429000.0,3034475000.0,716899000.0,-345949000.0,-13765000.0
ADI,2010-10-30,False,FY,2010,10-K,2761503000.0,900074000.0,712084000.0,2.39,2.33,0.84,4328831000.0,3478999000.0,643467000.0,1070000000.0,3199717000.0,991175000.0,-485825000.0,-72638000.0
ADI,2011-01-29,False,Q1,2011,10-Q,728504000.0,259406000.0,222106000.0,0.74,0.72,0.22,4596905000.0,3737029000.0,608491000.0,1570321000.0,3364427000.0,216751000.0,208136000.0,75735000.0
ADI,2011-04-30,False,Q2,2011,10-Q,790780000.0,298486000.0,241826000.0,0.81,0.78,0.22,5160399000.0,4292738000.0,588158000.0,1894761000.0,3581998000.0,413389000.0,24099000.0,385784000.0
ADI,2011-07-30,False,Q3,2011,10-Q,757902000.0,278841000.0,219935000.0,0.73,0.71,0.25,5251381000.0,4339131000.0,556287000.0,1357821000.0,3715717000.0,670369000.0,-646273000.0,263398000.0
ADI,2011-10-29,False,FY,2011,10-K,2993320000.0,1072025000.0,867394000.0,2.9,2.81,0.94,5277635000.0,4386348000.0,525005000.0,1405100000.0,3795413000.0,900529000.0,-703738000.0,138612000.0
AMCF,2011-09-30,False,Q3,2011,10-Q,65751882.0,3481560.0,2273635.0,0.23,0.23,0.0,90820286.0,33623282.0,33172251.0,6308556.0,57648035.0,2378550.0,-6505640.0,-2127995.0
AMCF,2011-06-30,False,Q2,2011,10-Q,63142639.0,2591267.0,1363678.0,0.14,0.14,0.0,95069858.0,35874951.0,40300983.0,5188000.0,54768875.0,-4736526.0,-5953152.0,3933051.0
ANAD,2011-07-02,False,Q2,2011,10-Q,35583000.0,-13177000.0,-13054000.0,-0.19,-0.19,0.0,207102000.0,131662000.0,18240000.0,77422000.0,186305000.0,-1118000.0,-18846000.0,257000.0
ANAD,2011-10-01,False,Q3,2012,10-Q,37264000.0,-10263000.0,-10014000.0,-0.15,-0.15,0.0,202277000.0,116249000.0,21917000.0,43573000.0,177869000.0,-1977000.0,-51902000.0,323000.0
ANAD,2011-10-01,False,Q3,2012,10-Q,37264000.0,-10263000.0,-10014000.0,-0.15,-0.15,0.0,202277000.0,116249000.0,21917000.0,43573000.0,177869000.0,-1977000.0,-51902000.0,323000.0
ANCB,2011-09-30,False,Q1,2012,10-Q,7304000.0,,-1715000.0,-0.7,-0.7,0.0,489500000.0,,,79665000.0,55729000.0,-457000.0,14419000.0,1946000.0
ARCI,2011-10-01,False,Q3,2011,10-Q,35857000.0,2928000.0,1756000.0,0.32,0.3,0.0,49199000.0,33875000.0,23919000.0,4700000.0,16895000.0,3242000.0,-820000.0,-641000.0
AREX,2011-06-30,False,Q2,2011,10-Q,29123000.0,10953000.0,7990000.0,0.28,0.28,0.0,530564000.0,13817000.0,36325000.0,831000.0,344802000.0,46067000.0,-161883000.0,93180000.0
AREX,2011-09-30,False,Q3,2011,10-Q,27958000.0,8866000.0,7073000.0,0.25,0.25,0.0,576524000.0,15354000.0,42374000.0,736000.0,352839000.0,74214000.0,-218546000.0,121630000.0
AMCC,2011-06-30,False,Q1,2012,10-Q,60844000.0,-8423000.0,-6877000.0,-0.11,-0.11,0.0,292822000.0,213287000.0,48440000.0,41394000.0,244382000.0,-4194000.0,-24021000.0,-14793000.0
AMCC,2011-09-30,False,Q2,2012,10-Q,64929000.0,-2088000.0,-1152000.0,-0.02,-0.02,0.0,266073000.0,185363000.0,37619000.0,51783000.0,228454000.0,-8872000.0,6754000.0,-30501000.0
APRI,2011-06-30,False,Q2,2011,10-Q,1595152.0,-7829866.0,-7794092.0,-0.39,-0.39,0.0,14080283.0,9361785.0,3676991.0,9140225.0,5567260.0,-4506770.0,357633.0,4143679.0
APRI,2011-09-30,False,Q3,2011,10-Q,799419.0,-2228080.0,-2220422.0,-0.11,-0.11,0.0,13977232.0,9349701.0,2887515.0,8877898.0,6274748.0,-7296739.0,-198495.0,7227449.0
AMAT,2009-10-25,False,FY,2009,10-K,5013607000.0,-393616000.0,-305327000.0,-0.23,-0.23,0.0,9574243000.0,5688947000.0,1939457000.0,1576381000.0,7094608000.0,332665000.0,112689000.0,-281339000.0
AMAT,2009-10-25,False,FY,2009,10-K,5013607000.0,-393616000.0,-305327000.0,-0.23,-0.23,0.0,9574243000.0,5688947000.0,1939457000.0,1576381000.0,7094608000.0,332665000.0,112689000.0,-281339000.0
AMAT,2010-01-31,False,Q1,2010,10-Q,1848902000.0,116343000.0,82751000.0,0.06,0.06,0.0,10003838000.0,5849263000.0,2277948000.0,1399054000.0,7148143000.0,371873000.0,-489568000.0,-59632000.0
AMAT,2010-05-02,False,Q2,2010,10-Q,2295540000.0,385797000.0,264004000.0,0.2,0.2,0.0,10449749000.0,6173294000.0,2575820000.0,1596429000.0,7321081000.0,898833000.0,-709540000.0,-169248000.0
AMAT,2010-08-01,False,Q3,2010,10-Q,2517790000.0,182651000.0,123096000.0,0.09,0.09,0.07,10726148000.0,6551748000.0,2889472000.0,1564337000.0,7278139000.0,1197734000.0,-846837000.0,-361796000.0
AMAT,2010-10-31,False,FY,2010,10-K,9548667000.0,1383708000.0,937866000.0,0.7,0.7,0.07,10943345000.0,6765315000.0,2887876000.0,1857664000.0,7536113000.0,1722853000.0,-861612000.0,-576131000.0
AMAT,2011-01-30,False,Q1,2011,10-Q,2686000000.0,674000000.0,506000000.0,0.38,0.38,0.07,11274000000.0,7142000000.0,2914000000.0,1974000000.0,7839000000.0,425000000.0,-79000000.0,-230000000.0
AMAT,2011-05-01,False,Q2,2011,10-Q,2862000000.0,677000000.0,489000000.0,0.37,0.37,0.08,11957000000.0,7944000000.0,3251000000.0,2558000000.0,8182000000.0,1129000000.0,-34000000.0,-396000000.0
AMAT,2011-07-31,False,Q3,2011,10-Q,2787000000.0,687000000.0,476000000.0,0.36,0.36,0.0,14103000000.0,10273000000.0,3278000000.0,5018000000.0,8551000000.0,1728000000.0,218000000.0,1210000000.0
AMAT,2011-10-30,False,FY,2011,10-K,10517000000.0,2398000000.0,1926000000.0,1.46,1.45,0.07,13861000000.0,10355000000.0,2794000000.0,5960000000.0,8800000000.0,2426000000.0,710000000.0,960000000.0
APDN,2011-09-30,False,FY,2011,10-K,968848.0,-8056457.0,-10515124.0,-0.03,-0.03,0.0,3503556.0,3032171.0,4498941.0,2747294.0,-995385.0,-3761716.0,-89108.0,6580500.0
APDN,2011-06-30,False,Q3,2011,10-Q,229710.0,-1490958.0,-2154995.0,-0.01,-0.01,0.0,893586.0,292972.0,4868054.0,12464.0,-3974468.0,-2200654.0,,2195500.0
ARCI,2011-07-02,False,Q2,2011,10-Q,32891000.0,2253000.0,2028000.0,0.37,0.35,0.0,47598000.0,32138000.0,23738000.0,4477000.0,15294000.0,363000.0,-606000.0,1575000.0
AAPL,2009-09-26,False,FY,2009,10-K,36537000000.0,7658000000.0,5704000000.0,6.39,6.29,0.0,53851000000.0,36265000000.0,19282000000.0,5263000000.0,27832000000.0,10159000000.0,-17434000000.0,663000000.0
AAPL,2009-06-27,False,Q3,2009,10-Q,8337000000.0,1672000000.0,1229000000.0,1.38,1.35,0.0,48140000000.0,35170000000.0,16661000000.0,5605000000.0,25888000000.0,7049000000.0,-13663000000.0,344000000.0
AAPL,2009-12-26,False,Q1,2010,10-Q,15683000000.0,4725000000.0,3378000000.0,3.74,3.67,0.0,53926000000.0,33332000000.0,13097000000.0,7609000000.0,35768000000.0,5781000000.0,-3958000000.0,523000000.0
AAPL,2010-03-27,False,Q2,2010,10-Q,13499000000.0,3979000000.0,3074000000.0,3.39,3.33,0.0,57057000000.0,32336000000.0,12229000000.0,10018000000.0,39348000000.0,8111000000.0,-4041000000.0,685000000.0
AAPL,2009-09-26,True,FY,2009,10-K,42905000000.0,11740000000.0,8235000000.0,9.22,9.08,0.0,47501000000.0,31555000000.0,11506000000.0,5263000000.0,31640000000.0,10159000000.0,-17434000000.0,663000000.0
AAPL,2010-06-26,False,Q3,2010,10-Q,15700000000.0,4234000000.0,3253000000.0,3.57,3.51,0.0,64725000000.0,36033000000.0,15612000000.0,9705000000.0,43111000000.0,12912000000.0,-9471000000.0,1001000000.0
AAPL,2010-09-25,False,FY,2010,10-K,65225000000.0,18385000000.0,14013000000.0,15.41,15.15,0.0,75183000000.0,41678000000.0,20722000000.0,11261000000.0,47791000000.0,18595000000.0,-13854000000.0,1257000000.0
AAPL,2010-12-25,False,Q1,2011,10-Q,26741000000.0,7827000000.0,6004000000.0,6.53,6.43,0.0,86742000000.0,43927000000.0,23795000000.0,10734000000.0,54666000000.0,9773000000.0,-10729000000.0,429000000.0
AAPL,2011-03-26,False,Q2,2011,10-Q,24667000000.0,7874000000.0,5987000000.0,6.49,6.4,0.0,94904000000.0,46997000000.0,24327000000.0,15978000000.0,61477000000.0,15992000000.0,-12251000000.0,976000000.0
AAPL,2011-06-25,False,Q3,2011,10-Q,28571000000.0,9379000000.0,7308000000.0,7.89,7.79,0.0,106758000000.0,46898000000.0,26859000000.0,12091000000.0,69343000000.0,27100000000.0,-27283000000.0,1013000000.0
AAPL,2011-09-24,False,FY,2011,10-K,108249000000.0,33790000000.0,25922000000.0,28.05,27.68,0.0,116371000000.0,44988000000.0,27970000000.0,9815000000.0,76615000000.0,37529000000.0,-40419000000.0,1444000000.0
APOL,2009-11-30,False,Q1,2010,10-Q,1270301000.0,392895000.0,240142000.0,1.55,1.54,0.0,3265034000.0,1857002000.0,1461397000.0,905262000.0,1515574000.0,405230000.0,-75399000.0,-392891000.0
APOL,2010-02-28,True,Q2,2010,10-Q,1070336000.0,172990000.0,92606000.0,0.6,0.6,0.0,3000571000.0,1642937000.0,1316293000.0,660844000.0,1399579000.0,434864000.0,-142879000.0,-598237000.0
APOL,2010-02-28,False,Q2,2010,10-Q,1070336000.0,172990000.0,92606000.0,0.6,0.6,0.0,3000571000.0,1642937000.0,1316293000.0,660844000.0,1399579000.0,434864000.0,-142879000.0,-598237000.0
APOL,2010-05-31,False,Q3,2010,10-Q,1337404000.0,302306000.0,179283000.0,1.19,1.18,0.0,3172984000.0,1862338000.0,1397264000.0,891981000.0,1444646000.0,804780000.0,-158240000.0,-721016000.0
APOL,2010-08-31,False,FY,2010,10-K,4925819000.0,1010724000.0,553002000.0,3.64,3.62,0.0,3601451000.0,2253212000.0,1793511000.0,1284769000.0,1388740000.0,1045070000.0,-307117000.0,-419733000.0
APOL,2010-11-30,False,Q1,2011,10-Q,1326435000.0,407116000.0,235413000.0,1.61,1.61,0.0,3377663000.0,1992109000.0,1489721000.0,1040490000.0,1466194000.0,413951000.0,-78915000000.0,-579499000.0
APOL,2011-05-31,False,Q3,2011,10-Q,1235837000.0,346488000.0,212440000.0,1.52,1.51,0.0,3151852000.0,2240863000.0,1278759000.0,1426346000.0,1393358000.0,680894000.0,263177000.0,-803534000.0
APOL,2011-02-28,False,Q2,2011,10-Q,1048629000.0,-23040000000.0,-64038000000.0,-0.45,-0.45,0.0,3116099000.0,1947940000.0,1356270000.0,1033343000.0,1322440000.0,484147000.0,-86674000000.0,-649802000.0
APOL,2011-08-31,False,FY,2011,10-K,4733022000.0,961244000.0,572427000.0,4.05,4.04,0.0,3269706000.0,2370786000.0,1655287000.0,1571664000.0,1243989000.0,897122000.0,164311000.0,-775250000.0
APOG,2011-08-27,False,Q2,2012,10-Q,165557000.0,-2677000.0,-1677000.0,-0.06,-0.06,0.0815,502869000.0,216541000.0,103077000.0,24611000.0,321855000.0,-14717000.0,24926000.0,-6647000.0
AGII,2010-12-31,False,FY,2010,10-K,1384500000.0,,82600000.0,2.8,2.76,0.48,6481900000.0,,,83500000.0,1626100000.0,-3100000.0,183900000.0,-115400000.0
AGII,2010-06-30,False,Q2,2010,10-Q,362400000.0,,26100000.0,0.87,0.86,0.12,6629200000.0,,,69800000.0,1627600000.0,-37000000.0,117000000.0,-28300000.0
AGII,2010-09-30,False,Q3,2010,10-Q,333300000.0,,23000000.0,0.78,0.77,0.12,6676000000.0,,,66000000.0,1675400000.0,29300000.0,94300000.0,-75700000.0
AGII,2011-03-31,False,Q1,2011,10-Q,297200000.0,,-94500000.0,-3.43,-3.43,0.12,6335600000.0,,,105400000.0,1520400000.0,-5600000.0,48600000.0,-21100000.0
AGII,2011-06-30,False,Q2,2011,10-Q,336000000.0,,22800000.0,0.83,0.82,0.12,6513700000.0,,,49000000.0,1548600000.0,2000000.0,-9500000.0,-27100000.0
AGII,2011-09-30,False,Q3,2011,10-Q,303500000.0,,-12100000.0,-0.44,-0.44,0.12,6502700000.0,,,119800000.0,1466300000.0,65100000.0,21200000.0,-45100000.0
ARNA,2011-06-30,False,Q2,2011,10-Q,3259000.0,-19984000.0,-22908000.0,-0.16,-0.16,0.0,210198000.0,101903000.0,18284000.0,97594000.0,60158000.0,-43989000.0,-230000.0,-10054000.0
ARNA,2011-09-30,False,Q3,2011,10-Q,3459000.0,-19302000.0,-22736000.0,-0.16,-0.16,0.0,184999000.0,82384000.0,18380000.0,77883000.0,35139000.0,-62535000.0,-315000.0,-10246000.0
ACAT,2011-06-30,False,Q1,2012,10-Q,74930000.0,-3596000.0,-2322000.0,-0.13,-0.13,0.0,282850000.0,240693000.0,100310000.0,35004000.0,180494000.0,24987000.0,-3656000.0,-1312000.0
ACAT,2011-09-30,False,Q2,2012,10-Q,204829000.0,32923000.0,21410000.0,1.18,1.15,0.0,357162000.0,314955000.0,150393000.0,41060000.0,204913000.0,29088000.0,-7805000.0,5650000.0
ACGL,2010-06-30,False,Q2,2010,10-Q,776315000.0,,236990000.0,4.65,4.45,0.0,16777399000.0,,,341469000.0,4398003000.0,390137000.0,-73476000.0,-296654000.0
ACGL,2010-06-30,False,Q2,2010,10-Q,776315000.0,,236990000.0,4.65,4.45,0.0,16777399000.0,,,341469000.0,4398003000.0,390137000.0,-73476000.0,-296654000.0
ACGL,2010-09-30,False,Q3,2010,10-Q,797352000.0,,141570000.0,2.89,2.77,0.0,17701397000.0,,,365997000.0,4717910000.0,657561000.0,-259931000.0,-362365000.0
ACGL,2011-03-31,False,Q1,2011,10-Q,775072000.0,,19295000000.0,0.43,0.41,0.0,17191966000.0,,,406877000.0,4325535000.0,224580000.0,-68013000000.0,-117836000.0
ACGL,2010-12-31,False,FY,2010,10-K,3244067000.0,,816744000.0,16.28,15.55,0.0,15770792000.0,,,362740000.0,4513003000.0,802074000.0,16097000000.0,-785637000.0
ACGL,2011-06-30,False,Q2,2011,10-Q,775568000.0,,91881000000.0,0.7,0.67,0.0,17213806000.0,,,411001000.0,4441269000.0,446547000.0,-199138000.0,-205551000.0
ACGL,2011-09-30,False,Q3,2011,10-Q,764993000.0,,162527000.0,1.24,1.19,0.0,17430028000.0,,,369895000.0,4474371000.0,756471000.0,-432057000.0,-315019000.0
ABFS,2010-06-30,False,Q2,2010,10-Q,411347000.0,-10810000.0,-7444000.0,-0.3,-0.3,0.03,851833000.0,390447000.0,243252000.0,80457000.0,474507000.0,19228000.0,27358000.0,-5461000.0
ABFS,2010-09-30,False,Q3,2010,10-Q,445531000.0,-1776000.0,-749000.0,-0.03,-0.03,0.03,865039000.0,402387000.0,244899000.0,99506000.0,476249000.0,21873000.0,43916000.0,-5615000.0
ABFS,2010-12-31,False,FY,2010,10-K,1657864000.0,-54545000.0,-32693000.0,-1.3,-1.3,0.12,860951000.0,399684000.0,233897000.0,102578000.0,479744000.0,26287000.0,44675000.0,-7716000.0
ABFS,2011-03-31,False,Q1,2011,10-Q,434931000.0,-21992000.0,-12808000.0,-0.51,-0.51,0.03,857711000.0,409189000.0,250484000.0,86784000.0,469326000.0,-6354000.0,-5941000.0,-3499000.0
ABFS,2011-06-30,False,Q2,2011,10-Q,498550000.0,8998000.0,5085000.0,0.2,0.2,0.03,887515000.0,434617000.0,272093000.0,114834000.0,476467000.0,33132000.0,-15704000.0,-5172000.0
ABFS,2011-09-30,False,Q3,2011,10-Q,510887000.0,21118000.0,11733000.0,0.46,0.46,0.03,908372000.0,445401000.0,272790000.0,137099000.0,488797000.0,72278000.0,-21939000.0,-15818000.0
ABIO,2011-09-30,False,Q3,2011,10-Q,,-1821000.0,-1822000.0,-0.17,-0.17,0.0,6498000.0,6088000.0,661000.0,5748000.0,5812000.0,-5723000.0,45049000.0,52806000.0
ABIO,2011-06-30,False,Q2,2011,10-Q,,-1704000.0,294000.0,0.03,0.03,0.0,8581000.0,7827000.0,1004000.0,7463000.0,7545000.0,-4047000.0,45048000.0,52846000.0
ARDM,2011-06-30,False,Q2,2011,10-Q,184000.0,-2850000.0,-2894000.0,-0.02,-0.02,0.0,11915000.0,9957000.0,2735000.0,8481000.0,162000.0,-4331000.0,-654000.0,8171000.0
ARDM,2011-09-30,False,Q3,2011,10-Q,242000.0,-2080000.0,-2449000.0,-0.01,-0.01,0.0,13018000.0,11179000.0,1659000.0,2074000.0,2309000.0,-7683000.0,-8460000.0,12922000.0
ARCW,2011-06-30,False,Q2,2011,10-Q,854000.0,-144000.0,-134000.0,-0.04,-0.04,0.0,12470000.0,12088000.0,419000.0,11065000.0,12051000.0,-488000.0,-78000.0,-12000.0
ARCW,2011-09-30,False,Q3,2011,10-Q,629000.0,-236000.0,-226000.0,-0.07,-0.07,0.0,12260000.0,11911000.0,427000.0,11176000.0,11833000.0,-339000.0,-99000.0,-29000.0
AROW,2011-06-30,False,Q2,2011,10-Q,6228000.0,8468000.0,5849000.0,0.51,0.51,0.0,1901774000.0,,,33202000.0,163589000.0,24229000.0,31500000.0,-29488000.0
AROW,2011-09-30,False,Q3,2011,10-Q,7881000.0,,5372000.0,0.46,0.46,0.0,1952978000.0,,,43631000.0,168624000.0,31600000.0,63177000.0,11934000.0
ARRY,2011-09-30,False,Q1,2012,10-Q,22131000.0,-631000.0,-3580000.0,-0.06,-0.06,0.0,99776000.0,82067000.0,93175000.0,72367000.0,-133837000.0,13616000.0,10614000.0,38000.0
ARQL,2011-06-30,False,Q2,2011,10-Q,48179000.0,-10941000.0,-10804000.0,-0.2,-0.2,0.0,137512000.0,89706000.0,61620000.0,27844000.0,26102000.0,-5387000.0,-37795000.0,50569000.0
ARQL,2011-09-30,False,Q3,2011,10-Q,44013000.0,-2281000.0,-2260000.0,-0.04,-0.04,0.0,134498000.0,110914000.0,64175000.0,46254000.0,24837000.0,-7411000.0,-17753000.0,50961000.0
ARTNA,2011-03-31,False,Q1,2011,10-Q,14757000.0,2219000.0,1009000.0,0.13,0.13,0.1892,370299000.0,11779000.0,38229000.0,323000.0,95204000.0,5570000.0,-2561000.0,-2865000.0
ARTNA,2011-09-30,False,Q3,2011,10-Q,17730000.0,4367000.0,2238000.0,0.26,0.26,0.1902,375840000.0,13647000.0,26808000.0,207000.0,110787000.0,13900000.0,-10683000.0,-3189000.0
ARTNA,2011-06-30,False,Q2,2011,10-Q,16510000.0,3588000.0,1753000.0,0.23,0.23,0.1902,371813000.0,11339000.0,38253000.0,188000.0,95705000.0,10412000.0,-6530000.0,-3873000.0
ARWR,2011-06-30,False,Q3,2011,10-Q,,-1770165.0,-1819917.0,-0.03,-0.03,0.0,13289834.0,7048556.0,2159704.0,4316308.0,10569252.0,-5993049.0,-579765.0,114255347.0
ARWR,2011-09-30,False,FY,2011,10-K,296139.0,-9830266.0,-3128885.0,-0.44,-0.4,0.0,15888563.0,9861174.0,2581949.0,7507389.0,12564168.0,-7655993.0,-175385.0,6226321.0
ARRS,2010-09-30,False,Q3,2010,10-Q,274286000.0,23966000.0,14042000.0,0.11,0.11,0.0,1448240000.0,936475000.0,143360000.0,351894000.0,1019816000.0,95941000.0,-188517000.0,-56095000.0
ARRS,2010-06-30,False,Q2,2010,10-Q,280355000.0,34239000.0,19774000.0,0.16,0.15,0.0,1474842000.0,954696000.0,166326000.0,370932000.0,1017612000.0,83407000.0,-185954000.0,-27086000.0
ARRS,2010-12-31,False,FY,2010,10-K,1087506000.0,109905000.0,64128000.0,0.51,0.5,0.0,1424087000.0,921373000.0,132931000.0,353121000.0,1009069000.0,118509000.0,-176699000.0,-89254000.0
ARRS,2011-03-31,False,Q1,2011,10-Q,267436000.0,15124000.0,11564000.0,0.09,0.09,0.0,1449451000.0,950923000.0,125618000.0,358747000.0,1034972000.0,-3571000.0,379000.0,8818000.0
ARRS,2011-09-30,False,Q3,2011,10-Q,274374000.0,18451000.0,13713000.0,0.11,0.11,0.0,1418227000.0,923136000.0,125918000.0,354659000.0,1007654000.0,52271000.0,13245000.0,-63978000.0
ARRS,2011-06-30,False,Q2,2011,10-Q,265799000.0,25457000.0,16690000.0,0.14,0.13,0.0,1410434000.0,919212000.0,116928000.0,360281000.0,1003421000.0,27809000.0,24086000.0,-44735000.0
ARTX,2011-03-31,False,Q1,2011,10-Q,13302641.0,-2615050.0,-2643145.0,-0.19,-0.18,0.0,78460200.0,31035963.0,17743348.0,2256122.0,49960337.0,-2387525.0,-579096.0,-1089673.0
ARTX,2011-09-30,False,Q3,2011,10-Q,26212048.0,-1131381.0,-1525842.0,-0.11,-0.11,0.0,82023152.0,34822559.0,23799642.0,1848512.0,46543805.0,-586460.0,-2167960.0,-1762476.0
ARTX,2011-06-30,False,Q2,2011,10-Q,14295826.0,-1815060.0,-2071439.0,-0.15,-0.15,0.0,82387778.0,35317296.0,22933147.0,1172996.0,48593451.0,-6683390.0,-263964.0,1776058.0
ARIA,2011-06-30,False,Q2,2011,10-Q,66000.0,-24840000.0,-47762000.0,-0.36,-0.36,0.0,96847000.0,82754000.0,18312000.0,80849000.0,7962000.0,-35441000.0,-1389000.0,14049000.0
ARIA,2011-09-30,False,Q3,2011,10-Q,25101000.0,-920000.0,13910000.0,0.1,0.1,0.0,100790000.0,87913000.0,20534000.0,86317000.0,26841000.0,-30598000.0,-1710000.0,14995000.0
ARKR,2011-10-01,False,FY,2011,10-K,139445000.0,1902000.0,1415000.0,0.41,0.4,1.0,54261000.0,16713000.0,12633000.0,7780000.0,38186000.0,8530000.0,2623000.0,-5384000.0
ARKR,2011-07-02,False,Q3,2011,10-Q,39357000.0,3119000.0,2306000.0,0.66,0.65,0.0,55475000.0,15683000.0,12909000.0,4802000.0,39051000.0,3601000.0,3170000.0,-3980000.0
ARIS,2011-10-31,False,Q1,2012,10-Q,5410000.0,496000.0,272000.0,0.03,0.03,0.0,20210000.0,5229000.0,8000000.0,998000.0,8197000.0,835000.0,-538000.0,-438000.0
ASFI,2011-09-30,False,FY,2011,10-K,43167000.0,,10521000.0,0.72,0.71,0.0,248051000.0,,,84347000.0,172956000.0,16742000.0,16444000.0,-24140000.0
ALOT,2011-10-29,False,Q3,2012,10-Q,19568600.0,1188078.0,799987.0,0.11,0.11,0.07,66171633.0,51053642.0,7471206.0,10655057.0,55161257.0,4075368.0,567457.0,-1707903.0
ASTE,2011-09-30,False,Q3,2011,10-Q,214624000.0,9038000.0,7723000.0,0.34,0.34,0.0,689028000.0,472119000.0,137576000.0,51737000.0,521575000.0,-4918000.0,-36823000.0,502000.0
ASTC,2011-09-30,False,Q1,2012,10-Q,4840000.0,-773000.0,-666000.0,-0.04,-0.04,0.0,57647000.0,18878000.0,13102000.0,16386000.0,37950000.0,708000.0,-128000.0,812000.0
ATRO,2011-07-02,False,Q2,2011,10-Q,55475000.0,7242000.0,4548000.0,0.41,0.39,0.0,157159000.0,99116000.0,29984000.0,16075000.0,88480000.0,3156000.0,-6979000.0,-2813000.0
ATRO,2011-10-01,False,Q3,2011,10-Q,56404000.0,7895000.0,6665000.0,0.55,0.52,0.0,166331000.0,104387000.0,32274000.0,20612000.0,96241000.0,12921000.0,-12875000.0,-2135000.0
ASTE,2010-06-30,False,Q2,2010,10-Q,209249000.0,15854000.0,10308000.0,0.46,0.45,0.0,611196000.0,409209000.0,110499000.0,81989000.0,472099000.0,45089000.0,-3688000.0,956000.0
ASTE,2010-09-30,False,Q3,2010,10-Q,177853000.0,10132000.0,7362000.0,0.33,0.32,0.0,630333000.0,428221000.0,119001000.0,81366000.0,483238000.0,46008000.0,-7469000.0,1408000.0
ASTE,2010-12-31,False,FY,2010,10-K,771335000.0,47424000.0,32430000.0,1.44,1.42,0.0,649639000.0,447821000.0,130426000.0,94597000.0,492806000.0,62036000.0,-11134000.0,2026000.0
ASTE,2011-03-31,False,Q1,2011,10-Q,230189000.0,15215000.0,10144000.0,0.45,0.44,0.0,676820000.0,474228000.0,144808000.0,80171000.0,502025000.0,-10375000.0,-3915000.0,-27000.0
ASTE,2011-06-30,False,Q2,2011,10-Q,247756000.0,21012000.0,14086000.0,0.62,0.61,0.0,691207000.0,482745000.0,141752000.0,73490000.0,518495000.0,-3115000.0,-18529000.0,548000.0
ASFI,2011-06-30,False,Q3,2011,10-Q,11297000.0,,3344000.0,0.23,0.23,0.0,252106000.0,,,103829000.0,171716000.0,16326000.0,24586000.0,-21318000.0
VTUS,2011-06-30,False,Q2,2011,10-Q,,-6901571.0,-6961511.0,-0.97,-0.97,0.0,11523832.0,11465642.0,769941.0,11368535.0,9434193.0,-4666935.0,,31444160.0
VTUS,2011-09-30,False,Q3,2011,10-Q,,-5545897.0,-5801381.0,-0.5,-0.5,0.0,53388460.0,53379245.0,1183442.0,53294262.0,52205018.0,-8736255.0,,77439207.0
VTUS,2011-09-30,False,Q3,2011,10-Q,,-5545897.0,-5801381.0,-0.5,-0.5,0.0,53388460.0,53379245.0,1183442.0,53294262.0,52205018.0,-8736255.0,,77439207.0
ALOT,2011-04-30,False,Q1,2012,10-Q,18859989.0,556957.0,431439.0,0.06,0.06,0.07,65553331.0,50124915.0,7756101.0,8165166.0,54576604.0,1373261.0,-442316.0,-485914.0
ALOT,2011-07-30,False,Q2,2012,10-Q,20335676.0,1223300.0,1045839.0,0.14,0.14,0.07,65658777.0,50472014.0,7414169.0,9540061.0,55023290.0,1193150.0,1602548.0,-975772.0
ASML,2008-12-31,False,FY,2008,20-F,2953678000.0,287045000.0,322370000.0,0.75,0.74,0.0,3939394000.0,2973249000.0,1008343000.0,1109184000.0,1988769000.0,280746000.0,-259805000.0,-184238000.0
AZPN,2011-09-30,False,Q1,2012,10-Q,51225000.0,-15625000.0,-11736000.0,-0.12,-0.12,0.0,394057000.0,241119000.0,173809000.0,145356000.0,141455000.0,5273000.0,-586000.0,-8951000.0
ASML,2009-12-31,False,FY,2009,20-F,1596063000.0,-165013000.0,-150925000.0,-0.35,-0.35,0.0,3727497000.0,2748884000.0,1044170000.0,1037074000.0,1774768000.0,97764000.0,-98082000.0,-73444000.0
ASML,2010-12-31,False,FY,2010,20-F,4507938000.0,1250699000.0,1021820000.0,2.35,2.33,0.4,6180358000.0,4944465000.0,2155816000.0,1949834000.0,2773908000.0,940048000.0,-124903000.0,92702000.0
ASMI,2010-12-31,False,FY,2010,20-F,1222900000.0,328640000.0,242523000.0,2.11,2.09,0.0,1214117000.0,934149000.0,424282000.0,340294000.0,647227000.0,259884000.0,-100566000.0,-123027000.0
ASTI,2011-06-30,False,Q2,2011,10-Q,1026984.0,,-85168935.0,-2.63,-2.63,0.0,69095793.0,29274660.0,9422892.0,9963178.0,52910058.0,-12604955.0,-4276466.0,218696649.0
ASTI,2011-09-30,False,Q3,2011,10-Q,988507.0,,-5363378.0,-0.15,-0.15,0.0,66446509.0,31094175.0,4780478.0,9867496.0,54962534.0,-17061048.0,-7093648.0,225874242.0
ASCMA,2011-06-30,False,Q2,2011,10-Q,77577000.0,8085000.0,-18282000.0,-0.35,-0.35,0.0,1644290000.0,303941000.0,111672000.0,232286000.0,584874000.0,59823000.0,21257000.0,1349000.0
ASCMA,2011-09-30,False,Q3,2011,10-Q,79515000.0,7715000.0,-9867000.0,-0.36,-0.36,0.0,1637516000.0,284429000.0,112303000.0,188090000.0,564667000.0,85267000.0,-57170000.0,10136000.0
ASNA,2011-07-30,False,FY,2011,10-K,2914000000.0,289800000.0,170500000.0,2.18,2.11,0.0,1839600000.0,760500000.0,382200000.0,243500000.0,1158000000.0,280800000.0,-197200000.0,-80700000.0
ASNA,2011-01-29,False,Q2,2011,10-Q,752158000.0,71546000.0,42510000.0,0.54,0.52,0.0,1721530000.0,783733000.0,333649000.0,302402000.0,1094510000.0,167075000.0,-83488000.0,-21826000.0
ASNA,2011-04-30,False,Q3,2011,10-Q,722800000.0,86400000.0,51800000.0,0.67,0.64,0.0,1812400000.0,759000000.0,359500000.0,314200000.0,1142100000.0,255100000.0,-150600000.0,-30900000.0
ASNA,2011-10-29,False,Q1,2012,10-Q,768300000.0,76500000.0,47500000.0,0.62,0.6,0.0,1872300000.0,780300000.0,376600000.0,246000000.0,1186000000.0,56800000.0,-27600000.0,-26700000.0
ARTW,2011-08-31,False,Q3,2011,10-Q,9252063.0,1437907.0,1019836.0,0.25,0.25,0.0,27072031.0,17871035.0,5815014.0,213893.0,14541519.0,851518.0,-959421.0,4693.0
ASBB,2011-06-30,False,Q2,2011,10-Q,9430000.0,,742000.0,,,0.0,755143000.0,,,9193000.0,65547000.0,16060000.0,-11207000.0,-3262000.0
ASBB,2011-09-30,False,Q3,2011,10-Q,9094000.0,,571000.0,,,0.0,798748000.0,,,9077000.0,67681000.0,11488000.0,-4492000.0,44172000.0
CCRT,2011-09-30,False,Q3,2011,10-Q,45937000.0,,1699000.0,0.08,0.08,0.0,710838000.0,,,117145000.0,79507000.0,93204000.0,344216000.0,-406611000.0
ATNI,2011-09-30,False,Q3,2011,10-Q,194346000.0,27646000.0,11336000.0,0.74,0.73,0.23,866373000.0,185157000.0,147865000.0,52113000.0,354133000.0,84737000.0,-60096000.0,-9858000.0
ATML,2010-09-30,False,Q3,2010,10-Q,444344000.0,77704000.0,219812000.0,0.48,0.47,0.0,1556029000.0,1207485000.0,555914000.0,575728000.0,838727000.0,214870000.0,-31100000.0,-44265000.0
ATML,2010-06-30,False,Q2,2010,10-Q,393361000.0,-78885000.0,-36443000.0,-0.08,-0.08,0.0,1388609000.0,1053411000.0,478027000.0,526888000.0,640355000.0,119612000.0,-16567000.0,-7232000.0
ATML,2011-03-31,False,Q1,2011,10-Q,461427000.0,81857000.0,74553000.0,0.16,0.16,0.0,1672129000.0,1158564000.0,449106000.0,480759000.0,1074723000.0,74113000.0,-27331000.0,-72985000.0
ATML,2010-12-31,False,FY,2010,10-K,1644060000.0,107534000.0,423075000.0,0.92,0.9,0.0,1650042000.0,1153175000.0,444704000.0,501455000.0,1053056000.0,299454000.0,-75706000.0,-158462000.0
ATML,2011-06-30,False,Q2,2011,10-Q,478642000.0,111000000.0,90870000.0,0.2,0.19,0.0,1688416000.0,1173810000.0,434471000.0,443862000.0,1123652000.0,116673000.0,-45115000.0,-130693000.0
ATML,2011-09-30,False,Q3,2011,10-Q,479375000.0,140173000.0,116706000.0,0.25,0.25,0.0,1717229000.0,1218405000.0,398527000.0,478055000.0,1190998000.0,177776000.0,-14674000.0,-185251000.0
AAWW,2011-06-30,False,Q2,2011,10-Q,349574000.0,37619000.0,23847000.0,0.91,0.9,0.0,1945929000.0,618595000.0,256976000.0,462011000.0,1089440000.0,73666000.0,-125321000.0,-75186000.0
AAWW,2011-09-30,False,Q3,2011,10-Q,362876000.0,43500000.0,28206000.0,1.07,1.07,0.0,2103481000.0,699536000.0,291518000.0,417352000.0,1106605000.0,118638000.0,-319784000.0,29646000.0
CCRT,2011-06-30,False,Q2,2011,10-Q,46654000.0,,100766000.0,4.45,4.43,0.0,755884000.0,,,134785000.0,78729000.0,58141000.0,302243000.0,-312143000.0
ATNI,2011-06-30,False,Q2,2011,10-Q,193753000.0,6277000.0,1815000.0,0.12,0.12,0.22,863843000.0,170609000.0,140662000.0,46777000.0,346137000.0,43029000.0,-40874000.0,7292000.0
AAME,2011-06-30,False,Q2,2011,10-Q,29073000.0,332000.0,65000.0,0.0,0.0,0.0,274886000.0,,,24652000.0,84188000.0,-1043000.0,-2131000.0,-499000.0
AAME,2011-09-30,False,Q3,2011,10-Q,30800000.0,1768000.0,1577000.0,0.07,0.07,0.0,292861000.0,,,22385000.0,95126000.0,-22000.0,-5402000.0,-516000.0
ACFC,2011-06-30,False,Q2,2011,10-Q,12186000.0,,-1517000.0,-0.61,-0.61,0.0,801774000.0,,,5760000.0,54081000.0,-10872000.0,51722000.0,-21576000.0
ACFC,2011-09-30,False,Q3,2011,10-Q,14264000.0,,-1359000.0,-0.55,-0.55,0.0,792402000.0,,,7557000.0,50697000.0,-9413000.0,43349000.0,-27163000.0
ATHX,2011-06-30,False,Q2,2011,10-Q,2435000.0,-3468000.0,-3223000.0,-0.14,-0.14,0.0,23088000.0,21855000.0,8372000.0,4719000.0,12843000.0,-5846000.0,-3382000.0,11842000.0
ATHX,2011-09-30,False,Q3,2011,10-Q,2354000.0,-3159000.0,-2341000.0,-0.1,-0.1,0.0,18861000.0,17515000.0,7182000.0,8539000.0,10579000.0,-10007000.0,4599000.0,11842000.0
ATHN,2010-06-30,False,Q2,2010,10-Q,58552000.0,2874000.0,1298000.0,0.04,0.04,0.0,226917000.0,135110000.0,38977000.0,27945000.0,140191000.0,15240000.0,-20677000.0,2920000.0
ATHN,2010-09-30,False,Q3,2010,10-Q,63143000.0,7463000.0,3826000.0,0.11,0.11,0.0,241543000.0,144345000.0,39196000.0,24054000.0,153554000.0,25299000.0,-39539000.0,7729000.0
ATHN,2010-12-31,False,FY,2010,10-K,245538000.0,23597000.0,12704000.0,0.37,0.36,0.0,261170000.0,163650000.0,40592000.0,35944000.0,170753000.0,44720000.0,-53627000.0,14121000.0
ATHN,2011-03-31,False,Q1,2011,10-Q,69930000.0,5523000.0,3251000.0,0.09,0.09,0.0,269057000.0,158122000.0,35614000.0,45582000.0,182276000.0,3983000.0,4639000.0,949000.0
ATHN,2011-06-30,False,Q2,2011,10-Q,77885000.0,9429000.0,5186000.0,0.15,0.14,0.0,279972000.0,160342000.0,37284000.0,47370000.0,198038000.0,20169000.0,-7351000.0,-1347000.0
ATHN,2011-09-30,False,Q3,2011,10-Q,83740000.0,8502000.0,5280000.0,0.15,0.15,0.0,316618000.0,178475000.0,45898000.0,66107000.0,220016000.0,39241000.0,-18887000.0,10277000.0
ASUR,2011-03-31,False,Q1,2011,10-Q,2357000.0,-24000.0,-60000.0,-0.02,-0.02,0.0,5704000.0,2749000.0,2896000.0,1375000.0,2691000.0,312000.0,8000.0,-12000.0
ASUR,2011-09-30,False,Q3,2011,10-Q,2502000.0,-26000.0,29000.0,0.01,0.01,0.0,9893000.0,7414000.0,4179000.0,6082000.0,2710000.0,1819000.0,-60000.0,3314000.0
ASUR,2011-06-30,False,Q2,2011,10-Q,2434000.0,41000.0,27000.0,0.01,0.01,0.0,6063000.0,3304000.0,3180000.0,2026000.0,2728000.0,1016000.0,-45000.0,-24000.0
AFCB,2011-06-30,False,Q2,2011,10-Q,4778331.0,,217132.0,0.09,0.08,0.05,283389666.0,,,17349693.0,50221246.0,2621095.0,-3545786.0,3958085.0
AFCB,2011-09-30,False,Q3,2011,10-Q,4950925.0,,463387.0,0.18,0.18,0.05,283568070.0,,,20583428.0,50243315.0,3244953.0,-206723.0,3228899.0
AVGO,2011-10-30,False,FY,2011,10-K,2336000000.0,584000000.0,552000000.0,2.25,2.19,0.35,2446000000.0,1393000000.0,350000000.0,829000000.0,2006000000.0,726000000.0,-122000000.0,-336000000.0
CASS,2011-09-30,False,Q3,2011,10-Q,27331000.0,,6060000.0,0.65,0.64,0.0,1405658000.0,,,13781000.0,160733000.0,23028000.0,-20854000.0,193680000.0
CVCO,2011-09-30,False,Q2,2012,10-Q,130008000.0,6640000.0,1685000.0,0.24,0.24,0.0,432888000.0,165625000.0,88374000.0,35219000.0,164339000.0,11575000.0,-29438000.0,-23431000.0
CAVM,2010-06-30,False,Q2,2010,10-Q,49853000.0,1904000.0,647000.0,0.01,0.01,0.0,218833000.0,123963000.0,40629000.0,68999000.0,171625000.0,9152000.0,-5141000.0,6070000.0
CAVM,2010-09-30,False,Q3,2010,10-Q,55207000.0,5608000.0,4966000.0,0.11,0.1,0.0,241073000.0,141117000.0,50915000.0,83255000.0,184488000.0,24667000.0,-7757000.0,7427000.0
CAVM,2010-12-31,False,FY,2010,10-K,206500000.0,11108000.0,37124000.0,0.83,0.77,0.0,291620000.0,163617000.0,45745000.0,90673000.0,234610000.0,32906000.0,-14721000.0,13570000.0
CAVM,2011-03-31,False,Q1,2011,10-Q,63570000.0,1120000.0,1492000.0,0.03,0.03,0.0,345387000.0,145413000.0,50514000.0,69431000.0,284566000.0,8460000.0,-33409000.0,3707000.0
CAVM,2011-06-30,False,Q2,2011,10-Q,71615000.0,1703000.0,1922000.0,0.04,0.04,0.0,359847000.0,156467000.0,54971000.0,69233000.0,295567000.0,14014000.0,-39108000.0,3654000.0
CAVM,2011-09-30,False,Q3,2011,10-Q,67729000.0,5387000.0,6031000.0,0.12,0.12,0.0,374336000.0,167661000.0,55175000.0,74582000.0,310549000.0,29062000.0,-43816000.0,-1337000.0
CPRX,2011-06-30,False,Q2,2011,10-Q,,-1397463.0,-1394151.0,-0.06,-0.06,0.0,5610089.0,5573845.0,656136.0,3406091.0,4953953.0,-2294213.0,-2003488.0,34152545.0
CPRX,2011-09-30,False,Q3,2011,10-Q,,-1131010.0,-1127841.0,-0.05,-0.05,0.0,4297751.0,4268959.0,422654.0,2151432.0,3875097.0,-3546853.0,-2005507.0,34152545.0
CASY,2010-07-31,False,Q1,2011,10-Q,1362027000.0,,37286000.0,0.73,0.73,0.0,1446451000.0,347036000.0,308761000.0,198099000.0,858460000.0,103697000.0,-39360000.0,-17914000.0
CASS,2011-06-30,False,Q2,2011,10-Q,26603000.0,,5739000.0,0.61,0.61,0.0,1287698000.0,,,10489000.0,152080000.0,14638000.0,-33910000.0,84475000.0
CASY,2010-10-31,False,Q2,2011,10-Q,1349519000.0,,21692000.0,0.51,0.51,0.0,1503503000.0,349085000.0,259987000.0,188267000.0,376721000.0,165623000.0,-114462000.0,-14570000.0
CASY,2011-01-31,False,Q3,2011,10-Q,1374199000.0,,12875000.0,0.34,0.34,0.0,1534255000.0,264511000.0,257564000.0,64446000.0,385169000.0,182412000.0,-255148000.0,-14494000.0
CASY,2011-04-30,False,FY,2011,10-K,5635240000.0,,94623000.0,2.24,2.22,0.505,1610955000.0,293887000.0,294500000.0,59572000.0,403896000.0,261443000.0,-325513000.0,-28034000.0
CASY,2011-07-31,False,Q1,2012,10-Q,1873832000.0,,39391000.0,1.04,1.03,0.0,1709056000.0,338930000.0,344464000.0,139017000.0,439642000.0,162859000.0,-78307000.0,-5107000.0
CASY,2011-10-31,False,Q2,2012,10-Q,1782518000.0,,37632000.0,0.99,0.98,0.0,1698390000.0,279220000.0,288789000.0,86200000.0,473058000.0,188902000.0,-151563000.0,-10711000.0
CVCO,2011-06-30,False,Q1,2012,10-Q,98981000.0,-830000.0,8608000.0,1.26,1.25,0.0,428526000.0,159129000.0,88396000.0,33537000.0,160835000.0,5202000.0,-28551000.0,-19627000.0
CATY,2011-03-31,False,Q1,2011,10-Q,126403000.0,,17958000.0,0.23,0.23,0.01,10614409000.0,,,87111000.0,1452176000.0,25131000.0,189352000.0,-214719000.0
CATY,2011-09-30,False,Q3,2011,10-Q,131206000.0,,21973000.0,0.28,0.28,0.01,10499111000.0,,,208873000.0,1494565000.0,-31601000.0,534437000.0,-381310000.0
CATY,2011-06-30,False,Q2,2011,10-Q,126792000.0,,20195000.0,0.26,0.26,0.01,10535530000.0,,,128584000.0,1481867000.0,77214000.0,291857000.0,-327834000.0
CSCD,2011-06-30,False,Q2,2011,10-Q,27419000.0,-1725000.0,-2024000.0,-0.14,-0.14,0.0,87908000.0,67176000.0,18182000.0,13403000.0,66303000.0,-1896000.0,-7253000.0,-78000.0
CSCD,2011-09-30,False,Q3,2011,10-Q,23750000.0,-4015000.0,-5328000.0,-0.24,-0.24,0.0,83370000.0,63897000.0,18783000.0,13537000.0,59902000.0,-1499000.0,-6693000.0,-325000.0
CWST,2011-07-31,False,Q1,2012,10-Q,127193000.0,10256000.0,-3062000.0,-0.14,-0.14,0.0,694872000.0,78025000.0,86713000.0,2904000.0,91812000.0,13940000.0,-17892000.0,4393000.0
CWST,2011-10-31,False,Q2,2012,10-Q,129866000.0,11626000.0,-765000.0,-0.03,-0.03,0.0,697940000.0,76470000.0,94429000.0,4421000.0,92595000.0,41478000.0,-39764000.0,165000.0
CRZO,2011-06-30,False,Q2,2011,10-Q,50672000.0,6038000.0,7742000.0,0.2,0.2,0.0,1250625000.0,86805000.0,161160000.0,24102000.0,472865000.0,74122000.0,-93116000.0,38968000.0
CRZO,2011-09-30,False,Q3,2011,10-Q,51668000.0,16917000.0,21643000.0,0.56,0.55,0.0,1323309000.0,88378000.0,185463000.0,3818000.0,499590000.0,130306000.0,-185752000.0,55136000.0
CACB,2011-06-30,False,Q2,2011,10-Q,20520000.0,,2011000.0,0.04,0.04,0.0,1562559000.0,,,219062000.0,212614000.0,9053000.0,76019000.0,-137274000.0
CACB,2011-09-30,False,Q3,2011,10-Q,18996000.0,,-54420000.0,-1.16,-1.16,0.0,1392799000.0,,,235752000.0,158516000.0,14004000.0,200808000.0,-250324000.0
ENMD,2011-06-30,False,Q2,2011,10-Q,8852.0,,-1909509.0,-0.17,-0.17,0.0,4065393.0,3975617.0,1281111.0,3800820.0,2784282.0,-1578506.0,79100.0,414254.0
ENMD,2011-09-30,False,Q3,2011,10-Q,,,-1559627.0,-0.13,-0.13,0.0,2243740.0,2210334.0,760294.0,1986165.0,1483446.0,-3366743.0,77308.0,389628.0
CARV,2011-06-30,False,Q1,2012,10-Q,8326000.0,,-6131000.0,-2.51,-2.51,0.0,678348000.0,,,33493000.0,21888000.0,5148000.0,13631000.0,-28714000.0
CARV,2011-09-30,False,Q2,2012,10-Q,8269000.0,,-9450000.0,-58.67,-58.67,0.0,677972000.0,,,69425000.0,12301000.0,10656000.0,34856000.0,-19572000.0
TMNG,2011-07-02,False,Q2,2012,10-Q,17147000.0,-688000.0,-1028000.0,-0.15,-0.15,0.0,40057000.0,29690000.0,8671000.0,11633000.0,30338000.0,-704000.0,5477000.0,-43000.0
TMNG,2011-10-01,False,Q3,2012,10-Q,15472000.0,-785000.0,-805000.0,-0.11,-0.11,0.0,37313000.0,27294000.0,7097000.0,10142000.0,29183000.0,-1929000.0,5372000.0,-43000.0
TAST,2011-07-03,False,Q2,2011,10-Q,209343000.0,11950000.0,5508000.0,0.25,0.25,0.0,429341000.0,34856000.0,58248000.0,7437000.0,54244000.0,25313000.0,-15087000.0,-5933000.0
TAST,2011-10-02,False,Q3,2011,10-Q,211380000.0,13025000.0,3405000.0,0.16,0.15,0.0,452056000.0,49200000.0,61173000.0,22232000.0,58458000.0,40312000.0,-26570000.0,5346000.0
CASM,2011-06-30,False,Q2,2011,10-Q,5717179.0,-1657492.0,-1340006.0,-0.12,-0.12,0.0,26009990.0,23603824.0,2784495.0,15388288.0,17107105.0,-3128514.0,-400031.0,14049010.0
CASM,2011-09-30,False,Q3,2011,10-Q,5785832.0,-1840105.0,-1855397.0,-0.16,-0.16,0.0,23893681.0,21280854.0,2361230.0,11557069.0,20522844.0,-3893258.0,-3301172.0,13907665.0
CLSN,2011-06-30,False,Q2,2011,10-Q,0.0,-6246006.0,-6944025.0,-0.42,-0.42,0.0,6888861.0,6207350.0,5135714.0,5380068.0,489412.0,-11397810.0,118142.0,15520820.0
CLSN,2011-09-30,False,Q3,2011,10-Q,0.0,-6823112.0,-6392952.0,-0.25,-0.25,0.0,23185060.0,22214237.0,4638220.0,11132890.0,18256227.0,-18302981.0,-10598803.0,38895758.0
CBOE,2011-09-30,False,Q3,2011,10-Q,143604000.0,74966000.0,40597000.0,0.45,0.45,0.0,344643000.0,207319000.0,65146000.0,147220000.0,245701000.0,164297000.0,-23428000.0,-47438000.0
EBIG,2011-06-30,False,Q2,2011,10-Q,28000.0,-339132.0,-341182.0,0.0,0.0,0.0,1719390.0,59614.0,1957142.0,34114.0,-237752.0,-140379.0,,124595.0
EBIG,2011-09-30,False,Q3,2011,10-Q,3000.0,-358709.0,-75022.0,0.0,0.0,0.0,1228248.0,13102.0,1749638.0,352.0,-521390.0,-193600.0,,144054.0
NVLT,2011-06-30,False,Q2,2011,10-Q,,-2254440.0,-2595211.0,-0.1,-0.1,0.0,8431231.0,3479213.0,449492.0,3313398.0,7408068.0,-2903215.0,1382580.0,29932501.0
NVLT,2011-09-30,False,Q3,2011,10-Q,,-1911143.0,-1909039.0,-0.07,-0.07,0.0,6994975.0,2108688.0,521817.0,1590755.0,5897099.0,-4434607.0,1293454.0,29830376.0
CLDX,2011-06-30,False,Q2,2011,10-Q,1952000.0,-9881000.0,-10236000.0,-0.27,-0.27,0.0,118476000.0,73289000.0,10409000.0,10830000.0,92005000.0,-18229000.0,-20551000.0,28328000.0
CLDX,2011-09-30,False,Q3,2011,10-Q,2363000.0,-11478000.0,-11772000.0,-0.27,-0.27,0.0,108448000.0,64382000.0,10778000.0,13097000.0,80674000.0,-26288000.0,-10199000.0,28305000.0
CELG,2009-06-30,False,Q2,2009,10-Q,628666000.0,160286000.0,142835000.0,0.31,0.31,0.0,4749268000.0,3168166000.0,431370000.0,866843000.0,3862768000.0,312040000.0,-532317000.0,-13718000.0
CELG,2009-09-30,False,Q3,2009,10-Q,695137000.0,236094000.0,216815000.0,0.47,0.46,0.0,5082286000.0,3500493000.0,490966000.0,1151055000.0,4109099000.0,589294000.0,-530568000.0,-15028000.0
CELG,2009-12-31,False,FY,2009,10-K,2689893000.0,841526000.0,776747000.0,1.69,1.66,0.0,5389311000.0,3844804000.0,494705000.0,1102172000.0,4394606000.0,909855000.0,-856078000.0,-61872000.0
CELG,2010-03-31,False,Q1,2010,10-Q,791254000.0,270249000.0,234442000.0,0.51,0.5,0.0,5985623000.0,3920039000.0,459447000.0,1055546000.0,4764406000.0,284650000.0,-363551000.0,43897000.0
CELG,2010-06-30,False,Q2,2010,10-Q,852692000.0,167772000.0,155352000.0,0.34,0.33,0.0,6178238000.0,4094894000.0,473403000.0,855608000.0,4927810000.0,595051000.0,-776181000.0,-44502000.0
CELG,2010-09-30,False,Q3,2010,10-Q,910111000.0,310706000.0,281151000.0,0.61,0.6,0.0,6554559000.0,4545877000.0,743604000.0,2831985000.0,5145694000.0,976711000.0,797167000.0,-40322000.0
CELG,2011-03-31,False,Q1,2011,10-Q,1125281000.0,287968000.0,255590000.0,0.55,0.54,0.0,9844353000.0,4193280000.0,1008839000.0,1486992000.0,5878837000.0,275270000.0,275622000.0,-426928000.0
CELG,2010-12-31,False,FY,2010,10-K,3625745000.0,989635000.0,880512000.0,1.9,1.88,0.0,10177162000.0,4343199000.0,1070382000.0,1351128000.0,5995472000.0,1181556000.0,-2107305000.0,1177167000.0
CELG,2011-06-30,False,Q2,2011,10-Q,1183155000.0,318939000.0,279398000.0,0.6,0.59,0.0,10051611000.0,4324124000.0,1084846000.0,1648044000.0,5994687000.0,736399000.0,169479000.0,-624307000.0
CELG,2011-09-30,False,Q3,2011,10-Q,1249737000.0,431115000.0,372984000.0,0.83,0.81,0.0,9763107000.0,4102544000.0,1171958000.0,1794927000.0,5605090000.0,1338473000.0,312004000.0,-1197330000.0
CBOE,2011-06-30,False,Q2,2011,10-Q,120290000.0,56452000.0,32609000.0,0.36,0.36,0.0,319422000.0,177550000.0,60921000.0,106545000.0,227294000.0,92564000.0,-18277000.0,-21531000.0
CECE,2011-06-30,False,Q2,2011,10-Q,32537000.0,2845000.0,1953000.0,0.14,0.12,0.0,73059000.0,47336000.0,21308000.0,8439000.0,38829000.0,2420000.0,270000.0,-43000.0
CECE,2011-09-30,False,Q3,2011,10-Q,32947000.0,3310000.0,2319000.0,0.16,0.14,0.0,74297000.0,48532000.0,20969000.0,9918000.0,41016000.0,4879000.0,-18000.0,-735000.0
CENT,2011-09-24,False,FY,2011,10-K,1628652000.0,85175000.0,28323000.0,0.5,0.5,0.0,1093003000.0,602586000.0,191931000.0,12031000.0,456782000.0,51008000.0,-56237000.0,-73997000.0
CPHD,2010-06-30,False,Q2,2010,10-Q,49642000.0,-2485000.0,-1801000.0,-0.03,-0.03,0.0,190074000.0,117245000.0,44592000.0,36534000.0,137301000.0,-1641000.0,4991000.0,-3413000.0
CPHD,2010-09-30,False,Q3,2010,10-Q,56055000.0,-616000.0,-1122000.0,-0.02,-0.02,0.0,204492000.0,132288000.0,49858000.0,65191000.0,145118000.0,13725000.0,13328000.0,1761000.0
CPHD,2010-12-31,False,FY,2010,10-K,212468000.0,-5344000.0,-5917000.0,-0.1,-0.1,0.0,220611000.0,149284000.0,53719000.0,79538000.0,153662000.0,27343000.0,9716000.0,6546000.0
CPHD,2011-03-31,False,Q1,2011,10-Q,60219000.0,1166000.0,527000.0,0.01,0.01,0.0,229558000.0,158405000.0,49705000.0,80460000.0,167101000.0,-2815000.0,-4819000.0,8366000.0
CPHD,2011-06-30,False,Q2,2011,10-Q,67029000.0,1983000.0,1827000.0,0.03,0.03,0.0,250787000.0,180305000.0,57587000.0,98252000.0,182035000.0,10716000.0,-8270000.0,16205000.0
CPHD,2011-09-30,False,Q3,2011,10-Q,70213000.0,2059000.0,1922000.0,0.03,0.03,0.0,273817000.0,204284000.0,59903000.0,110809000.0,206971000.0,14296000.0,-12117000.0,29172000.0
CNTY,2011-09-30,False,Q3,2011,10-Q,18146000.0,1548000.0,1423000.0,0.06,0.06,0.0,132500000.0,23804000.0,11325000.0,21306000.0,111781000.0,5653000.0,-2112000.0,-3502000.0
CNTY,2011-06-30,False,Q2,2011,10-Q,18002000.0,977000.0,644000.0,0.03,0.03,0.0,135558000.0,21981000.0,10803000.0,19757000.0,114087000.0,2607000.0,-1667000.0,-2925000.0
CENX,2011-03-31,False,Q1,2011,10-Q,326337000.0,37591000.0,23005000.0,0.25,0.25,0.0,1921181000.0,582274000.0,242197000.0,293487000.0,1168692000.0,-3630000.0,-7179000.0,
CENX,2011-06-30,False,Q2,2011,10-Q,366277000.0,36162000.0,22061000.0,0.24,0.24,0.0,1899842000.0,558042000.0,200092000.0,232401000.0,1177822000.0,-16135000.0,-8536000.0,-47224000.0
CENX,2011-09-30,False,Q3,2011,10-Q,345646000.0,715000.0,-6600000.0,-0.07,-0.07,0.0,1863670000.0,526019000.0,213005000.0,216395000.0,1132969000.0,11094000.0,-13016000.0,-85979000.0
CNBKA,2011-06-30,False,Q2,2011,10-Q,23438000.0,,4197000.0,0.76,0.76,0.12,2597929000.0,,,167331000.0,155342000.0,2826000.0,-168550000.0,144503000.0
CNBKA,2011-09-30,False,Q3,2011,10-Q,24141000.0,,4582000.0,0.83,0.83,0.12,2663912000.0,,,183222000.0,163061000.0,13136000.0,-215728000.0,197262000.0
CVCY,2011-06-30,False,Q2,2011,10-Q,10163000.0,,1674000.0,0.18,0.18,0.0,792929000.0,,,19291000.0,103842000.0,6039000.0,-22192000.0,9023000.0
CVCY,2011-09-30,False,Q3,2011,10-Q,10252000.0,,1206000.0,0.13,0.13,0.0,834908000.0,,,21014000.0,106347000.0,10470000.0,-59539000.0,46143000.0
CFBK,2011-06-30,False,Q2,2011,10-Q,2710000.0,,-2023000.0,-0.49,-0.49,0.0,277790000.0,,,60436000.0,12282000.0,523000.0,20171000.0,5467000.0
CFBK,2011-09-30,False,Q3,2011,10-Q,2797000.0,,-542000.0,-0.13,-0.13,0.0,265388000.0,,,63816000.0,11431000.0,-89000.0,38694000.0,-9064000.0
CENT,2011-06-25,False,Q3,2011,10-Q,484303000.0,36594000.0,17081000.0,0.32,0.31,0.0,1155732000.0,667854000.0,208256000.0,11233000.0,493106000.0,-1503000.0,-44623000.0,-34130000.0
CTEI,2011-06-30,False,Q3,2011,10-Q,6001792.0,447390.0,428452.0,0.01,0.01,0.0,1780007.0,1730716.0,813958.0,53343.0,-102843.0,-262259.0,,274463.0
CSFL,2011-06-30,False,Q2,2011,10-Q,33923000.0,,-4346000.0,-0.14,-0.14,0.0,2156526000.0,,,19176000.0,250286000.0,6818000.0,87928000.0,-22763000.0
CSFL,2011-09-30,False,Q3,2011,10-Q,32082000.0,,-1992000.0,-0.07,-0.07,0.0,2153805000.0,,,19119000.0,250036000.0,20461000.0,11936000.0,-27048000.0
CETV,2010-06-30,False,Q2,2010,10-Q,201726000.0,25452000.0,165169000.0,2.59,2.59,0.0,2736262000.0,646938000.0,259267000.0,315257000.0,1151302000.0,-23005000.0,-433696000.0,34936000.0
CETV,2010-09-30,False,Q3,2010,10-Q,134354000.0,-25345000.0,3416000.0,0.05,0.05,0.0,3040629000.0,644887000.0,232008000.0,302905000.0,1310121000.0,-41439000.0,-443748000.0,43040000.0
CETV,2010-12-31,False,FY,2010,10-K,737134000.0,22877000.0,100175000.0,1.57,1.57,0.0,2940550000.0,612085000.0,243076000.0,244050000.0,1247752000.0,-49614000.0,-456770000.0,7338000.0
CETV,2011-03-31,False,Q1,2011,10-Q,172772000.0,-7665000.0,-21114000.0,-0.33,-0.33,0.0,3121803000.0,595625000.0,302220000.0,216768000.0,1338970000.0,30172000.0,-6393000.0,-57207000.0
CETV,2011-06-30,False,Q2,2011,10-Q,249656000.0,39473000.0,968000.0,0.02,0.02,0.0,3173427000.0,627067000.0,323959000.0,197505000.0,1366541000.0,29050000.0,-23074000.0,-59755000.0
CETV,2011-09-30,False,Q3,2011,10-Q,165472000.0,-12910000.0,-82074000.0,-1.27,-1.27,0.0,2874498000.0,499985000.0,263536000.0,167417000.0,1175816000.0,17246000.0,-30078000.0,-64667000.0
CEVA,2011-09-30,False,Q3,2011,10-Q,14847000.0,4722000.0,4935000.0,0.21,0.2,0.0,210675000.0,148198000.0,11501000.0,22695000.0,193392000.0,18042000.0,-21418000.0,8878000.0
CERN,2011-10-01,False,Q3,2011,10-Q,571640000.0,120392000.0,78835000.0,0.47,0.45,0.0,2843568000.0,1423132000.0,377502000.0,231194000.0,2207354000.0,377805000.0,-429634000.0,68978000.0
GTLS,2010-06-30,False,Q2,2010,10-Q,139144000.0,8563000.0,2399000.0,0.08,0.08,0.0,895780000.0,391353000.0,140898000.0,188690000.0,471528000.0,14680000.0,-13011000.0,-17534000.0
GTLS,2010-09-30,False,Q3,2010,10-Q,139205000.0,13239000.0,6575000.0,0.23,0.23,0.0,936482000.0,423034000.0,164646000.0,208646000.0,492830000.0,37085000.0,-21350000.0,-19457000.0
GTLS,2010-12-31,False,FY,2010,10-K,555455000.0,47504000.0,20160000.0,0.71,0.69,0.0,954839000.0,406096000.0,171183000.0,165112000.0,501374000.0,38574000.0,-64215000.0,-19302000.0
GTLS,2011-03-31,False,Q1,2011,10-Q,162941000.0,14307000.0,7530000.0,0.26,0.25,0.0,960446000.0,409281000.0,164308000.0,146996000.0,517367000.0,-18386000.0,-3878000.0,-477000.0
GTLS,2011-06-30,False,Q2,2011,10-Q,200698000.0,21489000.0,10591000.0,0.36,0.35,0.0,1008562000.0,454424000.0,191384000.0,152375000.0,540917000.0,-14779000.0,-11655000.0,7182000.0
GTLS,2011-09-30,False,Q3,2011,10-Q,211311000.0,29043000.0,17540000.0,0.6,0.59,0.0,1280767000.0,697817000.0,385910000.0,382045000.0,603505000.0,37043000.0,-52453000.0,229842000.0
CTHR,2011-06-30,False,Q2,2011,10-Q,2994280.0,-18697.0,-103314.0,-0.01,-0.01,0.0,51339541.0,15527616.0,1395450.0,6058696.0,48971768.0,1385564.0,-3087727.0,24815.0
CTHR,2011-09-30,False,Q3,2011,10-Q,2891109.0,-154133.0,109655.0,0.01,0.01,0.0,50971556.0,13575534.0,1265542.0,4389667.0,48976873.0,1838467.0,-4896519.0,-288325.0
CCLR,2011-06-30,False,Q2,2011,10-Q,32830.0,-229448.0,-225987.0,-0.09,-0.09,0.0,1555781.0,226543.0,638374.0,1871.0,917407.0,-94036.0,36082.0,13818.0
CCLR,2011-09-30,False,Q3,2011,10-Q,-5726.0,-286172.0,-495756.0,-0.2,-0.2,0.0,2165614.0,464868.0,1550668.0,223857.0,376920.0,-480145.0,-652362.0,1310357.0
KOOL,2011-09-30,False,Q1,2012,10-Q,4859000.0,,-1208000.0,-0.07,-0.07,0.0,23351000.0,22056000.0,3865000.0,10753000.0,19251000.0,-1520000.0,-36000.0,0.0
CERN,2010-07-03,False,Q2,2010,10-Q,456001000.0,86352000.0,55477000.0,0.67,0.65,0.0,2245675000.0,1185990000.0,323471000.0,255795000.0,1707725000.0,215741000.0,-223702000.0,27166000.0
CERN,2010-10-02,False,Q3,2010,10-Q,462683000.0,93992000.0,60872000.0,0.74,0.71,0.0,2358383000.0,1137715000.0,324934000.0,211747000.0,1809361000.0,334697000.0,-407843000.0,40262000.0
CERN,2011-01-01,False,FY,2010,10-K,1850222000.0,359333000.0,237272000.0,2.88,2.78,0.0,2422790000.0,1146061000.0,305932000.0,214511000.0,1905417000.0,456444000.0,-520896000.0,34841000.0
CERN,2011-04-02,False,Q1,2011,10-Q,491664000.0,93699000.0,64556000.0,0.77,0.75,0.0,2561544000.0,1203816000.0,314829000.0,184567000.0,2022686000.0,126501000.0,-190265000.0,31145000.0
CERN,2011-07-02,False,Q2,2011,10-Q,524223000.0,107973000.0,72044000.0,0.43,0.42,0.0,2720807000.0,1313322000.0,350951000.0,214056000.0,2130136000.0,248628000.0,-307576000.0,55309000.0
CERS,2011-06-30,False,Q2,2011,10-Q,6753000.0,-5477000.0,-6313000.0,-0.13,-0.13,0.0,39100000.0,33032000.0,22108000.0,17167000.0,13245000.0,-11037000.0,181000.0,-925000.0
CERS,2011-09-30,False,Q3,2011,10-Q,9249000.0,-2646000.0,2338000.0,0.05,0.05,0.0,36552000.0,30674000.0,14184000.0,14761000.0,16168000.0,-14486000.0,290000.0,9000.0
CEVA,2011-06-30,False,Q2,2011,10-Q,14388000.0,4038000.0,4123000.0,0.18,0.17,0.0,208434000.0,148654000.0,14628000.0,14379000.0,187904000.0,13802000.0,-24763000.0,8415000.0
CHFC,2011-09-30,False,Q3,2011,10-Q,65223000.0,,11625000.0,0.42,0.42,0.2,5439604000.0,,,126712000.0,577029000.0,72132000.0,-161062000.0,164049000.0
PLCE,2011-10-29,False,Q3,2011,10-Q,484085000.0,54448000.0,33692000.0,1.34,1.33,0.0,874180000.0,489361000.0,149121000.0,152621000.0,606641000.0,94657000.0,-61774000.0,-64190000.0
CALI,2011-06-30,False,Q2,2011,10-Q,126226569.0,3125629.0,2286200.0,0.12,0.12,0.0,132520837.0,125759464.0,85791288.0,7126121.0,46327776.0,-7466048.0,-54591.0,-3306565.0
CALI,2011-09-30,False,Q3,2011,10-Q,95613591.0,3372477.0,2477747.0,0.11,0.11,0.0,140575992.0,133802782.0,85128457.0,7011609.0,55054527.0,-12943591.0,-70150.0,1943435.0
PLCE,2010-07-31,False,Q2,2010,10-Q,345301000.0,-13128000.0,-8233000.0,-0.3,-0.3,0.0,892525000.0,513594000.0,150442000.0,196033000.0,625152000.0,66767000.0,-46958000.0,6435000.0
PLCE,2010-10-30,False,Q3,2010,10-Q,453395000.0,50041000.0,31309000.0,1.16,1.15,0.0,875443000.0,497918000.0,177479000.0,170526000.0,579673000.0,135749000.0,-63570000.0,-72097000.0
PLCE,2011-01-29,False,FY,2010,10-K,1673999000.0,136336000.0,83124000.0,3.07,3.03,0.0,854331000.0,477701000.0,130396000.0,183657000.0,607727000.0,174511000.0,-84318000.0,-78008000.0
PLCE,2011-04-30,False,Q1,2011,10-Q,430806000.0,48776000.0,29084000.0,1.11,1.1,0.0,864962000.0,480292000.0,107120000.0,212347000.0,635601000.0,57195000.0,-22333000.0,-10006000.0
PLCE,2011-07-30,False,Q2,2012,10-Q,343508000.0,-15778000.0,-9777000.0,-0.38,-0.38,0.0,873251000.0,482900000.0,152749000.0,151503000.0,599879000.0,47534000.0,-44570000.0,-37835000.0
CHKE,2011-07-30,False,Q2,2012,10-Q,6658000.0,2704000.0,1672000.0,0.2,0.2,0.0,25527000.0,17683000.0,7482000.0,10466000.0,12868000.0,3408000.0,-307000.0,-2222000.0
CHKE,2011-10-29,False,Q3,2012,10-Q,6015000.0,1820000.0,1049000.0,0.12,0.12,0.0,22373000.0,14711000.0,3909000.0,7957000.0,10905000.0,4964000.0,-372000.0,-6222000.0
CBNK,2011-06-30,False,Q2,2011,10-Q,6872000.0,,306000.0,0.06,0.06,0.0,580028000.0,,,8993000.0,91060000.0,4254000.0,-18644000.0,5111000.0
CHMG,2011-06-30,False,Q2,2011,10-Q,17977512.0,,2620104.0,0.57,0.57,0.0,1237036123.0,,,27787395.0,126559891.0,7359625.0,4068537.0,11895880.0
CHMG,2011-09-30,False,Q3,2011,10-Q,17921767.0,,3290940.0,0.71,0.71,0.0,1265922566.0,,,30748786.0,128687723.0,11803452.0,8031007.0,38018508.0
CADC,2011-09-30,False,Q1,2012,10-Q,44585007.0,1043566.0,3092066.0,0.17,0.17,0.0,154079273.0,118683107.0,66493123.0,3231634.0,87162969.0,5813533.0,7249116.0,-11462448.0
CBNK,2011-09-30,False,Q3,2011,10-Q,6929000.0,,371000.0,0.07,0.07,0.0,590397000.0,,,9333000.0,90118000.0,4553000.0,-7087000.0,14503000.0
CHEV,2011-09-30,False,Q3,2011,10-Q,6832000.0,,969000.0,0.11,0.11,0.12,600516000.0,,,8884000.0,72130000.0,2770000.0,34382000.0,-10100000.0
CEMI,2011-06-30,False,Q2,2011,10-Q,3614151000.0,197147000.0,194839000.0,0.0,0.0,0.0,8435062000.0,6914177000.0,2078676000.0,2139329000.0,6196689000.0,926164000.0,-288402000.0,-634784000.0
CEMI,2011-09-30,False,Q3,2011,10-Q,5921787.0,479201.0,475605.0,0.01,0.01,0.0,10098680.0,8480195.0,3199016.0,3045348.0,6753805.0,1559123.0,-282175.0,-367951.0
CCMM,2011-03-31,False,Q1,2011,10-Q,1770000000.0,269000000.0,-110000000.0,-0.97,-0.97,0.0,15705000000.0,333000000.0,1028000000.0,26000000.0,1182000000.0,447000000.0,-381000000.0,-44000000.0
CHFC,2011-06-30,False,Q2,2011,10-Q,64341000.0,,11033000.0,0.4,0.4,0.2,5204058000.0,,,129209000.0,570635000.0,63018000.0,-139073000.0,-59831000.0
CCMM,2011-06-30,False,Q2,2011,10-Q,1791000000.0,270000000.0,-107000000.0,-0.98,-0.98,0.0,,,,194000000.0,,907000000.0,-694000000.0,-51000000.0
CCMM,2011-06-30,True,Q2,2011,10-Q,1791000000.0,270000000.0,-107000000.0,-0.98,-0.98,0.0,15809000000.0,490000000.0,1087000000.0,166000000.0,1064000000.0,907000000.0,-694000000.0,-51000000.0
CCMM,2011-09-30,False,Q3,2011,10-Q,1809000000.0,237000000.0,-85000000.0,-0.79,-0.79,0.0,15638000000.0,335000000.0,1081000000.0,5000000.0,864000000.0,1312000000.0,-1104000000.0,-208000000.0
CHKP,2010-12-31,False,FY,2010,20-F,1097868000.0,535014000.0,452826000.0,2.18,2.13,0.0,3605302000.0,1416934000.0,663262000.0,551777000.0,2719331000.0,688576000.0,-459462000.0,-91422000.0
HGSH,2011-09-30,False,FY,2011,10-K,,19819942.0,18719938.0,0.42,0.42,0.0,108283425.0,60160295.0,27636454.0,8837795.0,69648898.0,-5586447.0,,1810000.0
CPAK,2011-06-30,False,Q2,2011,10-Q,32585321.0,,2268601.0,,0.06,0.0,132770355.0,85911961.0,38761877.0,24119561.0,93814760.0,-9664935.0,-2343201.0,
CPGI,2011-09-30,False,Q3,2011,10-Q,33643951.0,,2313024.0,,0.06,0.0,136723302.0,88793374.0,39990897.0,22397336.0,96566023.0,-7539094.0,-3931437.0,-2629454.0
CREG,2011-06-30,False,Q2,2011,10-Q,72544.0,4106765.0,3695001.0,0.09,0.07,0.0,184842711.0,23078945.0,23920016.0,10560586.0,87807389.0,-10858761.0,2174462.0,7889560.0
CREG,2011-09-30,False,Q3,2011,10-Q,18583238.0,9597907.0,8655232.0,0.2,0.16,0.0,211571192.0,31453097.0,34959287.0,19696711.0,103844176.0,-7890971.0,2188475.0,13608001.0
CJJD,2011-06-30,False,Q1,2011,10-Q,21427859.0,4416240.0,3242729.0,0.24,0.24,0.0,56041756.0,33251497.0,10041893.0,6448109.0,45909269.0,9912293.0,-8273420.0,-1758015.0
CJJD,2011-09-30,False,Q2,2012,10-Q,22224947.0,2225881.0,1633713.0,0.12,0.12,0.0,64487125.0,36699307.0,16359162.0,4590274.0,48075980.0,15736927.0,-14315712.0,-3451780.0
HGSH,2011-06-30,False,Q3,2011,10-Q,,6569612.0,6402548.0,0.14,0.14,0.0,110450274.0,53826781.0,28234641.0,2641578.0,68360429.0,-16886907.0,-20567.0,6685210.0
CBPO,2011-06-30,False,Q2,2011,10-Q,41665458.0,17230463.0,16599705.0,0.67,0.28,0.0,257135828.0,166382483.0,71158822.0,76841679.0,181638768.0,12349464.0,-5010425.0,2186080.0
CBPO,2011-09-30,False,Q3,2011,10-Q,41303701.0,-9394945.0,-9361677.0,-0.37,-0.37,0.0,238361431.0,171968384.0,60231405.0,80300299.0,175943531.0,25792830.0,-5639957.0,-7777100.0
CAAS,2011-06-30,False,Q2,2011,10-Q,82505886.0,7640765.0,4343958.0,0.14,0.14,0.0,434852479.0,336518825.0,204100336.0,55425262.0,190253573.0,16488140.0,-7619456.0,-3876362.0
CAAS,2011-09-30,False,Q3,2011,10-Q,75002717.0,5959211.0,10108847.0,0.32,0.1,0.0,452261638.0,353041356.0,213679042.0,76067212.0,204911053.0,31728545.0,-10167584.0,3080160.0
CHLN,2011-06-30,False,Q2,2011,10-Q,20252192.0,852978.0,574900.0,0.02,0.01,0.0,417000563.0,,,72693792.0,117574152.0,6442484.0,-3289424.0,21117156.0
CHLN,2011-09-30,False,Q3,2011,10-Q,32098993.0,6096580.0,4402866.0,0.13,0.12,0.0,432673065.0,,,74098123.0,124013433.0,9283511.0,-4835993.0,20233156.0
CBAK,2011-06-30,False,Q3,2011,10-Q,47129641.0,-5330636.0,-7245298.0,-0.12,-0.12,0.0,468987915.0,186634345.0,292677131.0,17098754.0,142115214.0,4707861.0,-13589694.0,224842.0
CBAK,2011-09-30,False,FY,2011,10-K,218952724.0,-14172489.0,-24537364.0,-0.39,-0.39,0.0,475241931.0,197228929.0,302600446.0,24858239.0,135273840.0,35318299.0,-31045559.0,-2800346.0
CHDN,2011-09-30,False,Q3,2011,10-Q,166349000.0,10087000.0,19780000.0,1.17,1.17,0.0,956870000.0,145637000.0,158802000.0,26883000.0,585789000.0,131632000.0,-19277000.0,-112373000.0
CHDN,2011-06-30,False,Q2,2011,10-Q,249686000.0,67475000.0,40147000.0,2.39,2.37,0.0,998503000.0,177683000.0,208890000.0,31031000.0,564296000.0,104809000.0,-13944000.0,-86735000.0
CXDC,2011-06-30,False,Q2,2011,10-Q,88194119.0,17064704.0,14380579.0,0.3,0.3,0.0,199762934.0,133873520.0,41427948.0,46860085.0,133557489.0,31856438.0,-17591428.0,9125854.0
CXDC,2011-09-30,False,Q3,2011,10-Q,103820442.0,20578063.0,15725564.0,0.33,0.33,0.0,339929846.0,264270677.0,64410197.0,158776624.0,152646764.0,54506421.0,-28440104.0,109182447.0
CNET,2011-06-30,False,Q2,2011,10-Q,8814000.0,3389000.0,2841000.0,0.16,0.15,0.0,49203000.0,34089000.0,6272000.0,16447000.0,42348000.0,4097000.0,-3376000.0,-59000.0
CNET,2011-09-30,False,Q3,2011,10-Q,6329000.0,1188000.0,1026000.0,0.06,0.06,0.0,49668000.0,41898000.0,5250000.0,21280000.0,43847000.0,8443000.0,-3116000.0,3000.0
CHYI,2011-06-30,False,Q2,2011,10-Q,10983696.0,5162589.0,3485549.0,0.18,0.18,0.0,167793041.0,22248719.0,10158012.0,20071429.0,144973887.0,9392036.0,-6716267.0,9961276.0
CHYI,2011-09-30,False,Q3,2011,10-Q,11207481.0,4905610.0,3208606.0,0.16,0.16,0.0,176230009.0,28216312.0,11870579.0,14358935.0,152392837.0,16268581.0,-18515458.0,9141821.0
CZWI,2011-09-30,False,FY,2011,10-K,31891000.0,,193000.0,0.04,0.04,0.0,536557000.0,,,31763000.0,52888000.0,11470000.0,8984000.0,-61129000.0
FCZA,2011-09-30,False,Q3,2011,10-Q,14931000.0,,900000.0,0.12,0.12,0.0,1145185000.0,,,85749000.0,102536000.0,12977000.0,-42436000.0,36178000.0
FCZA,2011-06-30,False,Q2,2011,10-Q,14571000.0,,230000.0,0.03,0.03,0.0,1089102000.0,,,42264000.0,99839000.0,7904000.0,-28876000.0,-15794000.0
CHCO,2011-06-30,False,Q2,2011,10-Q,44860000.0,,9830000.0,0.65,0.64,0.34,2713820000.0,,,100845000.0,310379000.0,25410000.0,-43285000.0,52341000.0
CHCO,2011-09-30,False,Q3,2011,10-Q,41901000.0,,11577000.0,0.77,0.76,0.34,2685246000.0,,,83787000.0,309892000.0,42275000.0,-26132000.0,1265000.0
CZFC,2011-09-30,False,Q3,2011,10-Q,5065000.0,,545000.0,0.27,0.26,0.0,390772000.0,,,7385000.0,38787000.0,4538000.0,12493000.0,4298000.0
CZFC,2011-06-30,False,Q2,2011,10-Q,5078000.0,,505000.0,0.26,0.25,0.0,354060000.0,,,6181000.0,37860000.0,2909000.0,-3551000.0,2152000.0
CZWI,2011-06-30,False,Q3,2011,10-Q,7970000.0,,176000.0,0.03,0.03,0.0,551678000.0,,,37523000.0,52940000.0,8473000.0,2740000.0,-46128000.0
CTXS,2009-06-30,False,Q2,2009,10-Q,392828000.0,39726000.0,42519000.0,0.23,0.23,0.0,2816268000.0,952389000.0,719530000.0,294210000.0,2047838000.0,168189000.0,-215070000.0,15105000.0
CTXS,2009-09-30,False,Q3,2009,10-Q,401042000.0,56100000.0,53423000.0,0.29,0.29,0.0,2913974000.0,961265000.0,725534000.0,300368000.0,2126864000.0,302061000.0,-322323000.0,-4007000.0
CTXS,2009-12-31,False,FY,2009,10-K,1614088000.0,178677000.0,191017000.0,1.05,1.03,0.0,3091147000.0,1039295000.0,834364000.0,261443000.0,2188507000.0,483974000.0,-502865000.0,-45537000.0
CTXS,2010-03-31,False,Q1,2010,10-Q,414272000.0,52075000.0,47349000.0,0.26,0.25,0.0,3238460000.0,1086725000.0,833951000.0,281847000.0,2334631000.0,143565000.0,-188563000.0,65842000.0
CTXS,2010-06-30,False,Q2,2010,10-Q,458433000.0,73818000.0,47557000.0,0.26,0.25,0.0,3318590000.0,1311653000.0,884393000.0,344704000.0,2336016000.0,246784000.0,-161513000.0,-1776000.0
CTXS,2010-09-30,False,Q3,2010,10-Q,472233000.0,81477000.0,87779000.0,0.47,0.46,0.0,3496987000.0,1386648000.0,889262000.0,398988000.0,2501594000.0,436965000.0,-325882000.0,24785000.0
CTXS,2010-12-31,False,FY,2010,10-K,1874662000.0,320716000.0,277065000.0,1.49,1.46,0.0,3703600000.0,1470479000.0,1020012000.0,396162000.0,2560588000.0,616292000.0,-457042000.0,-26316000.0
CTXS,2011-06-30,False,Q2,2011,10-Q,530790000.0,95590000.0,81944000.0,0.44,0.43,0.0,3869689000.0,1452556000.0,1038305000.0,430816000.0,2663489000.0,321525000.0,-170221000.0,-120705000.0
CTXS,2011-03-31,False,Q1,2011,10-Q,490888000.0,80883000.0,73503000.0,0.39,0.38,0.0,3752565000.0,1431839000.0,974062000.0,515340000.0,2618974000.0,159228000.0,17864000.0,-61838000.0
CTXS,2011-09-30,False,Q3,2011,10-Q,565348000.0,104679000.0,92176000.0,0.49,0.49,0.0,3882864000.0,1311641000.0,1050738000.0,312130000.0,2659925000.0,509559000.0,-362465000.0,-234152000.0
CIZN,2011-06-30,False,Q2,2011,10-Q,10960317.0,,1854272.0,0.38,0.38,0.22,845252681.0,,,22299125.0,83343242.0,5419819.0,-15237191.0,15153104.0
CIZN,2011-09-30,False,Q3,2011,10-Q,11869880.0,,1622358.0,0.33,0.33,0.22,826607265.0,,,19537859.0,85783838.0,9650546.0,-15363215.0,8287135.0
CZNC,2011-06-30,False,Q2,2011,10-Q,19279000.0,,5697000.0,0.47,0.47,0.0,1309650000.0,,,49392000.0,153693000.0,22801000.0,6096000.0,-25806000.0
CZNC,2011-09-30,False,Q3,2011,10-Q,19342000.0,,5989000.0,0.49,0.49,0.0,1312054000.0,,,55754000.0,161210000.0,27302000.0,15865000.0,-33714000.0
CSCO,2009-10-24,False,Q1,2010,10-Q,9021000000.0,2124000000.0,1787000000.0,0.31,0.3,0.0,68680000000.0,44697000000.0,13162000000.0,4774000000.0,40026000000.0,1488000000.0,-1253000000.0,-1179000000.0
CSCO,2010-01-23,False,Q2,2010,10-Q,9815000000.0,2370000000.0,1853000000.0,0.32,0.32,0.0,76403000000.0,50139000000.0,14405000000.0,4710000000.0,41532000000.0,3974000000.0,-8185000000.0,3203000000.0
CSCO,2010-05-01,False,Q3,2010,10-Q,10368000000.0,2345000000.0,2192000000.0,0.38,0.37,0.0,79292000000.0,49758000000.0,18439000000.0,3961000000.0,43852000000.0,6941000000.0,-11233000000.0,2535000000.0
CSCO,2010-07-31,False,FY,2010,10-K,40040000000.0,9164000000.0,7767000000.0,1.36,1.33,0.0,81130000000.0,51421000000.0,19233000000.0,4581000000.0,44285000000.0,10173000000.0,-11931000000.0,621000000.0
CSCO,2010-10-30,False,Q1,2011,10-Q,10750000000.0,2351000000.0,1930000000.0,0.34,0.34,0.0,80015000000.0,50406000000.0,18120000000.0,3796000000.0,44695000000.0,1667000000.0,-167000000.0,-2285000000.0
CSCO,2011-01-29,False,Q2,2011,10-Q,10407000000.0,1684000000.0,1521000000.0,0.27,0.27,0.0,81981000000.0,52066000000.0,18505000000.0,4924000000.0,45686000000.0,4276000000.0,-649000000.0,-3284000000.0
CSCO,2011-04-30,False,Q3,2011,10-Q,10866000000.0,2183000000.0,1807000000.0,0.33,0.33,0.06,85350000000.0,55204000000.0,16110000000.0,6635000000.0,47206000000.0,7255000000.0,-2461000000.0,-2740000000.0
CSCO,2011-07-30,False,FY,2011,10-K,43218000000.0,7674000000.0,6490000000.0,1.17,1.17,0.12,87095000000.0,57231000000.0,17506000000.0,7662000000.0,47259000000.0,10079000000.0,-2934000000.0,-4064000000.0
CSCO,2011-10-29,False,Q1,2012,10-Q,11256000000.0,2210000000.0,1777000000.0,0.33,0.33,0.06,86964000000.0,57267000000.0,17461000000.0,4747000000.0,47214000000.0,2333000000.0,-3191000000.0,-2057000000.0
CTRN,2011-07-30,False,Q2,2011,10-Q,130233000.0,-15196000.0,-10031000.0,-0.69,-0.69,0.0,309841000.0,191070000.0,90403000.0,49496000.0,208688000.0,13472000.0,-33391000.0,184000.0
CTRN,2011-10-29,False,Q3,2011,10-Q,143067000.0,-12051000.0,-6761000.0,-0.46,-0.46,0.0,308069000.0,189632000.0,92609000.0,33225000.0,202486000.0,7540000.0,-43735000.0,189000.0
CIDM,2011-06-30,False,Q1,2012,10-Q,23500000.0,2257000.0,-6482000.0,-0.2,-0.2,0.0,300901000.0,49626000.0,48271000.0,11443000.0,-3884000.0,7292000.0,-2221000.0,-4376000.0
CIDM,2011-09-30,False,Q2,2012,10-Q,23517000.0,5989000.0,-317000.0,-0.01,-0.01,0.0,307743000.0,60400000.0,46342000.0,17832000.0,3607000.0,17685000.0,-10862000.0,261000.0
CTAS,2010-08-31,False,Q1,2011,10-Q,923904000.0,100246000.0,61277000.0,0.4,0.4,0.0,3890904000.0,1372153000.0,359479000.0,290646000.0,2469978000.0,35298000.0,-27549000.0,-127761000.0
CTAS,2010-11-30,False,Q2,2011,10-Q,936566000.0,102344000.0,55866000.0,0.38,0.38,0.49,3928295000.0,1354846000.0,468795000.0,260953000.0,2395113000.0,109229000.0,-60980000.0,-200521000.0
CTAS,2011-02-28,False,Q3,2011,10-Q,937827000.0,108876000.0,59070000.0,0.41,0.41,0.0,3972070000.0,1322938000.0,391636000.0,184731000.0,2472942000.0,207955000.0,-188955000.0,-252070000.0
CTAS,2011-05-31,False,FY,2011,10-K,3810384000.0,440343000.0,246989000.0,1.68,1.68,0.49,4351940000.0,1700777000.0,434139000.0,438106000.0,2302649000.0,340886000.0,-298593000.0,-20038000.0
CTAS,2011-08-31,False,Q1,2012,10-Q,1017180000.0,128574000.0,68638000.0,0.52,0.52,0.0,4127892000.0,1482615000.0,618646000.0,150312000.0,2114485000.0,56562000.0,-82336000.0,-262157000.0
CRUS,2011-06-25,False,Q1,2012,10-Q,92242000.0,14336000.0,9178000.0,0.14,0.13,0.0,456970000.0,281921000.0,56433000.0,41490000.0,393871000.0,10617000.0,49967000.0,-56133000.0
CRUS,2011-09-24,False,Q2,2012,10-Q,101602000.0,17913000.0,11247000.0,0.17,0.17,0.0,460663000.0,278414000.0,65637000.0,39268000.0,388521000.0,37063000.0,41276000.0,-76110000.0
VPRT,2010-12-31,False,Q2,2011,10-Q,234064000.0,38185000.0,34014000.0,0.78,0.75,0.0,495764000.0,210517000.0,95924000.0,173106000.0,389331000.0,92677000.0,-23042000.0,-60955000.0
VPRT,2010-09-30,False,Q1,2011,10-Q,170487000.0,12333000.0,10781000.0,0.25,0.24,0.0,499748000.0,214023000.0,84631000.0,168982000.0,404742000.0,18802000.0,-14038000.0,-810000.0
VPRT,2011-03-31,False,Q3,2011,10-Q,203667000.0,25563000.0,22917000.0,0.53,0.51,0.0,529244000.0,245232000.0,93426000.0,208065000.0,424970000.0,126327000.0,-24458000.0,-59507000.0
VPRT,2011-06-30,False,FY,2011,10-K,817009000.0,93080000.0,82109000.0,1.89,1.83,0.0,555900000.0,272291000.0,93806000.0,236552000.0,450093000.0,162633000.0,-34330000.0,-58282000.0
VPRT,2011-09-30,False,Q1,2012,10-Q,212360000.0,9746000.0,8172000.0,0.2,0.19,0.0,468978000.0,193972000.0,97057000.0,161092000.0,360177000.0,30541000.0,-12240000.0,-91960000.0
CINF,2010-06-30,False,Q2,2010,10-Q,878000000.0,,27000000.0,0.17,0.17,0.0,14607000000.0,,,325000000.0,4737000000.0,253000000.0,-415000000.0,-70000000.0
CINF,2010-09-30,False,Q3,2010,10-Q,1071000000.0,,156000000.0,0.95,0.95,0.0,15070000000.0,,,445000000.0,5010000000.0,417000000.0,-402000000.0,-127000000.0
CINF,2010-12-31,False,FY,2010,10-K,3772000000.0,,377000000.0,2.32,2.31,0.0,15095000000.0,,,385000000.0,5032000000.0,531000000.0,-529000000.0,-174000000.0
CINF,2011-03-31,False,Q1,2011,10-Q,929000000.0,,62000000.0,0.38,0.38,0.0,15369000000.0,,,379000000.0,5118000000.0,57000000.0,-30000000.0,-33000000.0
CINF,2011-06-30,False,Q2,2011,10-Q,975000000.0,,-49000000.0,-0.3,-0.3,0.0,15702000000.0,,,313000000.0,5057000000.0,4000000.0,26000000.0,-102000000.0
CINF,2011-09-30,False,Q3,2011,10-Q,944000000.0,,19000000.0,0.12,0.12,0.0,15412000000.0,,,308000000.0,4786000000.0,148000000.0,-71000000.0,-154000000.0
PCC,2011-06-30,False,Q2,2011,10-Q,3847000.0,,1339000.0,0.13,0.13,0.0,252801000.0,,,4709000.0,149652000.0,-2645000.0,6294000.0,-1582000.0
PCC,2011-09-30,False,Q3,2011,10-Q,3809000.0,,733000.0,0.07,0.07,0.0,260826000.0,,,7789000.0,148730000.0,-4359000.0,4754000.0,4752000.0
DFR,2011-06-30,False,Q2,2011,10-Q,62079000.0,,-5005000.0,-0.26,-0.26,0.0,8846359000.0,,,34216000.0,649768000.0,318845000.0,102932000.0,-437684000.0
DFR,2011-09-30,False,Q3,2011,10-Q,3108000.0,-7935000.0,-5924000.0,-0.29,-0.29,0.0,8486410000.0,,,27728000.0,425317000.0,390389000.0,109801000.0,-522586000.0
CSBK,2011-09-30,False,Q2,2012,10-Q,10608000.0,,2069000.0,0.08,0.08,0.0,1123674000.0,,,24561000.0,183540000.0,4025000.0,-1336000.0,-2778000.0
COBZ,2011-06-30,False,Q2,2011,10-Q,36967000.0,,3839000.0,0.08,0.08,0.0,2418235000.0,,,35710000.0,209137000.0,17178000.0,-15696000.0,24385000.0
COBZ,2011-09-30,False,Q3,2011,10-Q,33663000.0,,4443000.0,0.05,0.05,0.0,2416052000.0,,,40625000.0,199341000.0,22847000.0,-12020000.0,15445000.0
CCNE,2011-06-30,False,Q2,2011,10-Q,19033000.0,,3891000.0,0.32,0.32,0.165,1491194000.0,,,30238000.0,122230000.0,15856000.0,-69056000.0,59385000.0
CCNE,2011-09-30,False,Q3,2011,10-Q,19255000.0,,4067000.0,0.33,0.33,0.165,1543672000.0,,,37549000.0,130431000.0,22371000.0,-117075000.0,98448000.0
CISG,2010-12-31,False,FY,2010,20-F,1485029000.0,65396000.0,63986000.0,0.4408,0.4264,0.0,3854456000.0,2302425000.0,288361000.0,1924884000.0,3517063000.0,366665000.0,-60609000.0,511168000.0
CME,2009-06-30,False,Q2,2009,10-Q,647800000.0,398800000.0,221800000.0,3.34,3.33,0.0,38531200000.0,9512400000.0,9006700000.0,448700000.0,18981300000.0,438400000.0,557900000.0,-845500000.0
CME,2009-09-30,False,Q3,2009,10-Q,650400000.0,401400000.0,202300000.0,3.05,3.04,0.0,36519600000.0,7506200000.0,7318400000.0,204100000.0,19130300000.0,737800000.0,539400000.0,-1371000000.0
CME,2009-12-31,False,FY,2009,10-K,2612800000.0,1589100000.0,825800000.0,12.44,12.41,4.6,35651000000.0,6699000000.0,6523600000.0,260600000.0,19301000000.0,1083100000.0,544800000.0,-1665200000.0
CME,2010-03-31,False,Q1,2010,10-Q,693200000.0,414700000.0,240200000.0,3.63,3.62,1.15,35202400000.0,5483000000.0,5163900000.0,444200000.0,19189700000.0,355700000.0,-19800000.0,-152300000.0
CME,2010-09-30,False,Q3,2010,10-Q,733400000.0,442900000.0,244300000.0,3.67,3.66,0.0,33686500000.0,4049200000.0,3666200000.0,568200000.0,19900800000.0,963000000.0,-68700000.0,-586700000.0
CME,2010-06-30,False,Q2,2010,10-Q,813900000.0,515100000.0,270700000.0,4.13,4.11,0.0,34258900000.0,4602000000.0,4334300000.0,363600000.0,19383500000.0,649100000.0,-7700000.0,-538400000.0
CME,2010-12-31,False,FY,2010,10-K,3003700000.0,1831100000.0,951400000.0,14.35,14.31,4.6,35046100000.0,5387500000.0,4781200000.0,855200000.0,20060100000.0,1356400000.0,-108400000.0,-653400000.0
CME,2011-03-31,False,Q1,2011,10-Q,831600000.0,524100000.0,456600000.0,6.83,6.81,1.4,34709000000.0,4587600000.0,3744100000.0,664700000.0,20787500000.0,362100000.0,-41600000.0,-511000000.0
CME,2011-09-30,False,Q3,2011,10-Q,874200000.0,572100000.0,316100000.0,4.76,4.74,0.0,38887600000.0,9091300000.0,7922300000.0,829300000.0,20864300000.0,999800000.0,-111000000.0,-914700000.0
CME,2011-06-30,False,Q2,2011,10-Q,838300000.0,534500000.0,293700000.0,4.4,4.38,0.0,35589200000.0,5555100000.0,4522700000.0,693600000.0,20902500000.0,576100000.0,-70200000.0,-667500000.0
CSBK,2011-06-30,False,Q1,2012,10-Q,10919000.0,,1791000.0,0.07,0.07,0.12,1134787000.0,,,28669000.0,181116000.0,1489000.0,15138000.0,943000.0
CLRO,2011-06-30,False,Q2,2011,10-Q,11890000.0,1873000.0,1321000.0,0.15,0.14,0.0,44361000.0,35206000.0,8703000.0,12396000.0,34668000.0,496000.0,-248000.0,717000.0
CLRO,2011-09-30,False,Q3,2011,10-Q,11511000.0,5366000.0,3375000.0,0.37,0.36,0.0,49033000.0,40915000.0,9835000.0,13138000.0,38105000.0,2034000.0,-1059000.0,732000.0
CLFD,2011-06-30,False,Q3,2011,10-Q,10124665.0,1286715.0,1277830.0,0.11,0.1,0.0,25483382.0,17503225.0,3503286.0,8229087.0,21912710.0,3070353.0,-273596.0,146611.0
CLFD,2011-09-30,False,FY,2011,10-K,35192532.0,3716209.0,6167446.0,0.51,0.48,0.0,30302091.0,20280285.0,4011126.0,11281027.0,26229171.0,5297219.0,417778.0,280311.0
CBLI,2011-06-30,False,Q2,2011,10-Q,569049.0,-6627596.0,11368224.0,0.38,0.3,0.0,35596774.0,33058548.0,11104590.0,30996271.0,22384948.0,-5070462.0,-805269.0,25759227.0
CBLI,2011-09-30,False,Q3,2011,10-Q,3801267.0,-6961324.0,-2691341.0,-0.08,-0.08,0.0,28123926.0,26667179.0,7976822.0,25260037.0,20147104.0,-10932002.0,-400286.0,25764102.0
CBLI,2011-09-30,False,Q3,2011,10-Q,3801267.0,-6961324.0,-2691341.0,-0.08,-0.08,0.0,28123926.0,26667179.0,7976822.0,25260037.0,20147104.0,-10609458.0,-722830.0,25764102.0
CDTI,2011-06-30,False,Q2,2011,10-Q,11532000.0,-3665000.0,-3724000.0,-0.93,-0.93,0.0,34757000.0,20267000.0,17770000.0,3148000.0,11366000.0,-5048000.0,-272000.0,3521000.0
CDTI,2011-09-30,False,Q3,2011,10-Q,14974000.0,-1250000.0,-2017000.0,-0.27,-0.27,0.0,41924000.0,27844000.0,17369000.0,4558000.0,18973000.0,-13465000.0,-429000.0,13564000.0
CWS,2011-06-30,False,Q2,2011,10-Q,12608181.0,1682042.0,1169959.0,0.06,0.05,0.0,79303043.0,17178511.0,10558188.0,1624570.0,68744855.0,4461335.0,-4796171.0,983142.0
CWS,2011-09-30,False,Q3,2011,10-Q,11676696.0,1632952.0,1134990.0,0.06,0.05,0.0,82515337.0,17785376.0,11543335.0,518274.0,70552769.0,5890876.0,-7182394.0,842567.0
CLNE,2011-06-30,False,Q2,2011,10-Q,69113000.0,-5761000.0,-5619000.0,-0.08,-0.08,0.0,598889000.0,138494000.0,92237000.0,35276000.0,417099000.0,9886000.0,-59857000.0,31016000.0
CLNE,2011-09-30,False,Q3,2011,10-Q,72082000.0,-6842000.0,-11354000.0,-0.16,-0.16,0.0,791603000.0,268105000.0,93182000.0,159003000.0,412576000.0,1978000.0,-125199000.0,227542000.0
COHR,2011-10-01,False,FY,2011,10-K,802834000.0,112009000.0,93238000.0,3.74,3.66,0.0,843266000.0,580646000.0,162405000.0,167061000.0,618001000.0,86676000.0,-85667000.0,-64130000.0
CLCT,2011-09-30,False,Q1,2012,10-Q,12072000.0,2493000.0,1476000.0,0.19,0.19,0.325,35391000.0,26475000.0,7648000.0,20647000.0,24855000.0,1797000.0,-893000.0,-2183000.0
TGAL,2011-06-30,False,Q1,2011,10-Q,19000.0,-854000.0,-994000.0,-0.59,-0.59,0.0,9741000.0,7788000.0,1295000.0,7027000.0,8446000.0,-1035000.0,489000.0,0.0
TGAL,2011-09-30,False,Q2,2011,10-Q,19000.0,-549000.0,-476000.0,-0.42,-0.42,0.0,8953000.0,7178000.0,904000.0,6458000.0,8049000.0,-1644000.0,498000.0,0.0
COHU,2011-06-25,False,Q2,2011,10-Q,80896000.0,5829000.0,5050000.0,0.21,0.21,0.06,371891000.0,244306000.0,57541000.0,49388000.0,294463000.0,2680000.0,-268000.0,-1409000.0
COHU,2011-09-24,False,Q3,2011,10-Q,71813000.0,2660000.0,3376000.0,0.14,0.14,0.06,371084000.0,248510000.0,59045000.0,51146000.0,292626000.0,6535000.0,357000.0,-2723000.0
COHR,2011-07-02,False,Q3,2011,10-Q,210882000.0,,19022000.0,0.76,0.74,0.0,920393000.0,644770000.0,175860000.0,199681000.0,662440000.0,54234000.0,-91231000.0,-8432000.0
CHRS,2010-07-31,False,Q2,2010,10-Q,517564000.0,-7292000.0,-8642000.0,-0.07,-0.07,0.0,1130893000.0,609342000.0,306787000.0,210055000.0,460744000.0,82042000.0,-17338000.0,-41229000.0
CHRS,2010-10-30,False,Q3,2010,10-Q,463619000.0,-15603000.0,-18810000.0,-0.16,-0.16,0.0,1134143000.0,621277000.0,329239000.0,104157000.0,443686000.0,-13917000.0,-25799000.0,-42707000.0
CHRS,2011-01-29,False,FY,2010,10-K,2061819000.0,-43995000.0,-53982000.0,-0.47,-0.47,0.0,1022658000.0,537909000.0,261333000.0,117482000.0,414420000.0,5298000.0,-30225000.0,-44171000.0
CHRS,2011-04-30,False,Q1,2011,10-Q,504353000.0,32053000.0,26038000.0,0.22,0.22,0.0,1074019000.0,601187000.0,292481000.0,180403000.0,440638000.0,67344000.0,-1961000.0,-2462000.0
CHRS,2011-07-30,False,Q2,2011,10-Q,499202000.0,3502000.0,-1911000.0,-0.02,-0.02,0.0,1070097000.0,603685000.0,289366000.0,227436000.0,440147000.0,123189000.0,-7404000.0,-5831000.0
CHRS,2011-10-29,False,Q3,2011,10-Q,429711000.0,-9019000.0,-12990000.0,-0.11,-0.11,0.0,1088832000.0,629541000.0,323658000.0,157754000.0,428648000.0,62968000.0,-15313000.0,-7383000.0
VSCI,2011-06-30,False,Q1,2012,10-Q,3756000.0,-2491000.0,-2630000.0,-0.06,-0.06,0.0,16206000.0,13550000.0,6479000.0,5191000.0,4573000.0,-4098000.0,-76000.0,185000.0
VSCI,2011-09-30,False,Q2,2012,10-Q,4025000.0,-2805000.0,-2953000.0,-0.07,-0.07,0.0,15367000.0,11221000.0,4990000.0,2866000.0,4234000.0,-7466000.0,-103000.0,1255000.0
JVA,2011-07-31,False,Q3,2011,10-Q,35764866.0,340436.0,168236.0,0.03,0.03,0.03,35315661.0,32073528.0,19120312.0,3772322.0,15447370.0,-1385757.0,-419212.0,3904370.0
CTSH,2009-06-30,False,Q2,2009,10-Q,776592000.0,151670000.0,141255000.0,0.48,0.47,0.0,2673287000.0,1763674000.0,389858000.0,860377000.0,2267697000.0,226348000.0,-120434000.0,10133000.0
CTSH,2009-09-30,False,Q3,2009,10-Q,853488000.0,161782000.0,136572000.0,0.47,0.45,0.0,2976482000.0,2016826000.0,508374000.0,992926000.0,2436218000.0,434803000.0,-219679000.0,31597000.0
CTSH,2009-12-31,False,FY,2009,10-K,3278663000.0,618490000.0,534963000.0,1.82,1.78,0.0,3338240000.0,2307568000.0,646608000.0,1100930000.0,2653177000.0,672325000.0,-394764000.0,76948000.0
CTSH,2010-03-31,False,Q1,2010,10-Q,959720000.0,183017000.0,151500000.0,0.51,0.49,0.0,3509747000.0,2469233000.0,578147000.0,1080942000.0,2886369000.0,2328000.0,-57141000.0,43541000.0
CTSH,2010-09-30,False,Q3,2010,10-Q,1216913000.0,228299000.0,203699000.0,0.68,0.66,0.0,4246279000.0,3234680000.0,804169000.0,1317077000.0,3367184000.0,372360000.0,-292585000.0,134471000.0
CTSH,2010-06-30,False,Q2,2010,10-Q,1105154000.0,205915000.0,172175000.0,0.57,0.56,0.0,3764154000.0,2804924000.0,645598000.0,1039686000.0,3040887000.0,137622000.0,-257985000.0,73445000.0
CTSH,2010-12-31,False,FY,2010,10-K,4592389000.0,861852000.0,733540000.0,2.44,2.37,0.0,4583074000.0,3518234000.0,930726000.0,1540969000.0,3584431000.0,764654000.0,-446890000.0,120003000.0
CTSH,2011-03-31,False,Q1,2011,10-Q,1371253000.0,265365000.0,208327000.0,0.69,0.67,0.0,4637873000.0,3535800000.0,801713000.0,1293499000.0,3764189000.0,45629000.0,-252657000.0,-49044000.0
CTSH,2011-06-30,False,Q2,2011,10-Q,1485242000.0,269958000.0,208045000.0,0.68,0.67,0.0,4916702000.0,3757897000.0,887351000.0,1193040000.0,3951849000.0,260742000.0,-496403000.0,-129807000.0
CTSH,2011-09-30,False,Q3,2011,10-Q,1600954000.0,293002000.0,227119000.0,0.75,0.73,0.0,5104115000.0,3812197000.0,1040730000.0,1181219000.0,3939522000.0,590086000.0,-677049000.0,-276731000.0
CGNX,2010-07-04,False,Q2,2010,10-Q,71811000.0,19241000.0,14927000.0,0.38,0.38,0.06,454469000.0,228165000.0,54674000.0,37942000.0,394887000.0,21277000.0,-83030000.0,-4129000.0
CGNX,2010-10-03,False,Q3,2010,10-Q,74993000.0,22275000.0,18145000.0,0.46,0.45,0.06,499738000.0,257389000.0,59361000.0,38213000.0,435423000.0,46748000.0,-122396000.0,575000.0
CGNX,2010-12-31,False,FY,2010,10-K,290691000.0,75713000.0,61381000.0,1.54,1.52,0.25,533104000.0,279005000.0,54432000.0,33203000.0,473311000.0,76343000.0,-176486000.0,20228000.0
CGNX,2011-07-03,False,Q2,2011,10-Q,83393000.0,24042000.0,19097000.0,0.46,0.45,0.09,602657000.0,342301000.0,56678000.0,42676000.0,540285000.0,48079000.0,-56987000.0,16148000.0
CGNX,2011-04-03,False,Q1,2011,10-Q,74394000.0,17368000.0,13636000.0,0.33,0.32,0.08,564650000.0,303623000.0,53696000.0,37014000.0,505426000.0,20783000.0,-25751000.0,7081000.0
CGNX,2011-10-02,False,Q3,2011,10-Q,80085000.0,22389000.0,18037000.0,0.43,0.42,0.09,598507000.0,274339000.0,52855000.0,30175000.0,541361000.0,62370000.0,-76095000.0,10564000.0
CCOI,2011-06-30,False,Q2,2011,10-Q,75580000.0,8671000.0,2115000.0,0.05,0.05,0.0,587896000.0,264733000.0,43108000.0,227246000.0,162254000.0,32622000.0,-25993000.0,163215000.0
CCOI,2011-09-30,False,Q3,2011,10-Q,77367000.0,9576000.0,281000.0,0.01,0.01,0.0,578104000.0,258688000.0,39100000.0,224051000.0,158639000.0,48521000.0,-35430000.0,154480000.0
CVLY,2011-06-30,False,Q2,2011,10-Q,13002000.0,,1626000.0,0.39,0.39,0.0,977245000.0,,,11435000.0,81536000.0,12721000.0,-55861000.0,11399000.0
CVLY,2011-09-30,False,Q3,2011,10-Q,13530000.0,,4000.0,0.0,0.0,0.0,1013850000.0,,,12738000.0,91166000.0,11845000.0,-56727000.0,48187000.0
CDXS,2011-06-30,False,Q2,2011,10-Q,26055000.0,-5292000.0,-5040000.0,-0.14,-0.14,0.0,136135000.0,64548000.0,24609000.0,32082000.0,106786000.0,-343000.0,-42385000.0,2390000.0
CDXS,2011-09-30,False,Q3,2011,10-Q,33282000.0,-2333000.0,-2742000.0,-0.08,-0.08,0.0,144622000.0,77037000.0,34406000.0,30132000.0,106475000.0,2406000.0,-47251000.0,2476000.0
COKE,2011-07-03,False,Q2,2011,10-Q,422893000.0,28420000.0,11101000.0,2.42,2.4,0.25,1352518000.0,290919000.0,191682000.0,26169000.0,200342000.0,18560000.0,-31634000.0,-6629000.0
COKE,2011-10-02,False,Q3,2011,10-Q,405858000.0,24964000.0,9768000.0,2.12,2.1100000000000003,0.25,1358068000.0,304194000.0,194331000.0,68549000.0,209405000.0,73587000.0,-40340000.0,-10570000.0
CMCO,2011-09-30,False,Q2,2012,10-Q,149863000.0,12314000.0,6676000.0,0.35,0.34,0.0,481743000.0,267514000.0,89822000.0,78746000.0,170165000.0,4418000.0,-6376000.0,1289000.0
CBAN,2011-09-30,False,Q3,2011,10-Q,15155000.0,,208000.0,0.02,0.02,0.0,1145983000.0,,,27338000.0,97931000.0,13489000.0,95594000.0,-135894000.0
CVGI,2011-06-30,False,Q2,2011,10-Q,206776000.0,11327000.0,-2169000.0,-0.08,-0.08,0.0,392209000.0,297234000.0,112268000.0,84174000.0,5112000.0,-11995000.0,-19283000.0,72219000.0
CVGI,2011-09-30,False,Q3,2011,10-Q,216909000.0,13547000.0,7376000.0,0.27,0.26,0.0,400793000.0,304098000.0,117770000.0,85318000.0,9527000.0,-1658000.0,-25963000.0,72108000.0
CBSH,2010-06-30,False,Q2,2010,10-Q,286704000.0,,59734000.0,0.72,0.71,0.0,18379311000.0,,,339990000.0,1988614000.0,94730000.0,325497000.0,-232417000.0
CBSH,2010-09-30,False,Q3,2010,10-Q,278459000.0,,55885000.0,0.67,0.67,0.0,18751759000.0,,,412315000.0,2046605000.0,405868000.0,-541801000.0,93011000.0
CBSH,2011-03-31,False,Q1,2011,10-Q,271732000.0,,60453000.0,0.69,0.69,0.23,19017296000.0,,,362148000.0,2070490000.0,101970000.0,-417090000.0,424133000.0
CBSH,2010-12-31,False,FY,2010,10-K,1134589000.0,,221710000.0,2.54,2.52,0.895,18502339000.0,,,328464000.0,2023464000.0,671177000.0,-654454000.0,-19882000.0
CBSH,2011-06-30,False,Q2,2011,10-Q,279431000.0,,69034000.0,0.8,0.79,0.0,19570860000.0,,,340594000.0,2131567000.0,194869000.0,-667163000.0,898754000.0
CBSH,2011-09-30,False,Q3,2011,10-Q,272467000.0,,65352000.0,0.76,0.76,0.0,20638668000.0,,,424861000.0,2129965000.0,311097000.0,-1070758000.0,868666000.0
CMCSA,2009-06-30,False,Q2,2009,10-Q,8938000000.0,1875000000.0,967000000.0,0.33,0.33,0.07,115237000000.0,6537000000.0,10557000000.0,3989000000.0,41814000000.0,5113000000.0,-2570000000.0,251000000.0
CMCSA,2009-09-30,False,Q3,2009,10-Q,8802000000.0,1711000000.0,944000000.0,0.33,0.33,0.07,112463000000.0,3406000000.0,7092000000.0,862000000.0,42381000000.0,7725000000.0,-4001000000.0,-4057000000.0
CMCO,2011-06-30,False,Q1,2012,10-Q,139760000.0,7213000.0,2779000.0,0.14,0.14,0.0,488387000.0,269823000.0,95287000.0,77764000.0,169399000.0,907000.0,-3623000.0,-208000.0
CBMX,2011-06-30,False,Q2,2011,10-Q,1209000.0,-1886000.0,-1684000.0,-0.18,-0.18,0.0,13319000.0,12495000.0,1272000.0,9988000.0,11896000.0,-3121000.0,-50000.0,6603000.0
CBMX,2011-09-30,False,Q3,2011,10-Q,1212000.0,-2035000.0,-1957000.0,-0.19,-0.19,0.0,11109000.0,10302000.0,947000.0,7858000.0,10035000.0,-5141000.0,-107000.0,6550000.0
CMCSA,2009-12-31,False,FY,2009,10-K,35756000000.0,7214000000.0,3638000000.0,1.27,1.26,0.297,112733000000.0,3223000000.0,7249000000.0,671000000.0,42811000000.0,10281000000.0,-5897000000.0,-4908000000.0
CMCSA,2010-03-31,False,Q1,2010,10-Q,9202000000.0,1935000000.0,866000000.0,0.31,0.31,0.0945,115420000000.0,5968000000.0,8615000000.0,3483000000.0,43179000000.0,2903000000.0,-1256000000.0,1165000000.0
CMCSA,2010-06-30,False,Q2,2010,10-Q,9525000000.0,2078000000.0,884000000.0,0.31,0.31,0.0945,115627000000.0,6591000000.0,8690000000.0,4028000000.0,43524000000.0,5332000000.0,-2555000000.0,580000000.0
CMCSA,2010-09-30,False,Q3,2010,10-Q,9489000000.0,1954000000.0,867000000.0,0.31,0.31,0.0945,116525000000.0,7172000000.0,8857000000.0,4542000000.0,43868000000.0,7732000000.0,-3868000000.0,7000000.0
CMCSA,2011-03-31,False,Q1,2011,10-Q,12128000000.0,2224000000.0,943000000.0,0.34,0.34,0.1125,154259000000.0,7547000000.0,13747000000.0,1822000000.0,46607000000.0,3468000000.0,-6887000000.0,-743000000.0
CMCSA,2010-12-31,False,FY,2010,10-K,37937000000.0,7980000000.0,3635000000.0,1.29,1.29,0.378,118534000000.0,8886000000.0,8234000000.0,5984000000.0,44434000000.0,11179000000.0,-5711000000.0,-155000000.0
CMCSA,2011-09-30,False,Q3,2011,10-Q,14339000000.0,2641000000.0,908000000.0,0.33,0.33,0.1125,156827000000.0,8582000000.0,14146000000.0,1806000000.0,47012000000.0,10206000000.0,-10661000000.0,-3723000000.0
CMCSA,2011-06-30,False,Q2,2011,10-Q,14333000000.0,2938000000.0,1022000000.0,0.37,0.37,0.1125,154782000000.0,8350000000.0,12697000000.0,1997000000.0,46905000000.0,6956000000.0,-8286000000.0,-2657000000.0
COLM,2011-09-30,False,Q3,2011,10-Q,566791000.0,86616000.0,67539000.0,2.0,1.98,0.22,1344376000.0,1029970000.0,260646000.0,87942000.0,1043704000.0,-142025000.0,26268000.0,-28892000.0
COLM,2011-06-30,False,Q2,2011,10-Q,268030000.0,-18640000.0,-13558000.0,-0.4,-0.4,0.22,1312851000.0,1000408000.0,252618000.0,207429000.0,1015958000.0,11969000.0,-44299000.0,-5544000.0
COLB,2011-03-31,False,Q1,2011,10-Q,49192000.0,,5779000.0,0.15,0.15,0.03,4264319000.0,,,74973000.0,714083000.0,19660000.0,-61533000.0,4071000.0
COLB,2011-09-30,False,Q3,2011,10-Q,70628000.0,,18872000.0,0.48,0.48,0.06,4755832000.0,,,97432000.0,749966000.0,70204000.0,48675000.0,-285547000.0
COLB,2011-06-30,False,Q2,2011,10-Q,56851000.0,,8632000.0,0.22,0.22,0.05,4429143000.0,,,89926000.0,727680000.0,42521000.0,-138169000.0,-148983000.0
COLB,2011-09-30,True,Q3,2011,10-Q,70628000.0,,18872000.0,0.48,0.48,0.06,4755832000.0,,,97432000.0,749966000.0,70204000.0,48675000.0,-285547000.0
CBAN,2011-06-30,False,Q2,2011,10-Q,15766000.0,,189000.0,0.02,0.02,0.0,1197573000.0,,,31506000.0,95592000.0,9404000.0,-49647000.0,-81694000.0
BTC,2011-09-30,False,Q3,2011,10-Q,13610000.0,,1150000.0,0.05,0.05,0.0,1072568000.0,,,53388000.0,110726000.0,24973000.0,41143000.0,-46109000.0
CPSI,2011-06-30,False,Q2,2011,10-Q,48838695.0,12638879.0,7916148.0,0.72,0.72,0.36,72405782.0,59427726.0,18584521.0,8472714.0,52223426.0,17139871.0,-3754260.0,-7852736.0
CPSI,2011-09-30,False,Q3,2011,10-Q,42045333.0,9637938.0,5989105.0,0.54,0.54,0.36,72198693.0,59665940.0,16467566.0,11159832.0,54495737.0,24199423.0,-4158022.0,-11821408.0
CSA,2011-09-30,False,Q3,2011,10-Q,47177000.0,4720000.0,-1834000.0,-0.04,-0.04,0.0,709784000.0,,,16033000.0,197578000.0,31055000.0,-84157000.0,56932000.0
CSA,2011-06-30,False,Q2,2011,10-Q,41578000.0,969000.0,-4986000.0,-0.1,-0.1,0.0,696366000.0,,,16383000.0,205268000.0,22962000.0,-67462000.0,48680000.0
FNBN,2011-06-30,False,Q2,2011,10-Q,18475000.0,,-50061000.0,-500.61,,0.0,1722238000.0,,,23500000.0,-113718000.0,39076000.0,52148000.0,-91027000.0
FNBN,2011-09-30,False,Q3,2011,10-Q,23435000.0,,-15023000.0,-150.23000000000002,,0.0,1643894000.0,,,22466000.0,-129932000.0,39531000.0,322406000.0,-158520000.0
CTBI,2011-06-30,False,Q2,2011,10-Q,50434000.0,,8970000.0,0.59,0.58,0.305,3484674000.0,,,76815000.0,352266000.0,35767000.0,-106087000.0,94660000.0
CTBI,2011-09-30,False,Q3,2011,10-Q,50650000.0,,10665000.0,0.7,0.7,0.31,3556661000.0,,,73236000.0,361278000.0,72106000.0,-118335000.0,137652000.0
CVLT,2010-12-31,False,Q3,2011,10-Q,83629000.0,10485000.0,7252000.0,0.17,0.16,0.0,313495000.0,281467000.0,120936000.0,191393000.0,173006000.0,33456000.0,-107000.0,-13072000.0
CVLT,2010-06-30,False,Q1,2011,10-Q,66300000.0,3670000.0,3498000.0,0.08,0.08,0.0,280565000.0,249250000.0,107535000.0,172890000.0,157696000.0,15919000.0,-3274000.0,-7942000.0
CVLT,2010-09-30,False,Q2,2011,10-Q,75226000.0,9230000.0,5419000.0,0.13,0.12,0.0,286792000.0,254510000.0,113290000.0,172858000.0,155923000.0,23451000.0,-2701000.0,-18689000.0
CVLT,2011-03-31,False,FY,2011,10-K,314776000.0,35771000.0,21004000.0,0.49,0.45,0.0,342499000.0,312730000.0,133350000.0,217170000.0,188130000.0,52410000.0,28000.0,-7304000.0
CVLT,2011-06-30,False,Q1,2012,10-Q,91527000.0,10013000.0,7039000.0,0.16,0.15,0.0,366879000.0,336284000.0,139749000.0,251011000.0,205387000.0,31093000.0,-3514000.0,5804000.0
CVLT,2011-09-30,False,Q2,2012,10-Q,97458000.0,13081000.0,7899000.0,0.18,0.17,0.0,344551000.0,311214000.0,144283000.0,216744000.0,175474000.0,42151000.0,-4893000.0,-35936000.0
CWBC,2011-09-30,False,Q3,2011,10-Q,9569000.0,,-2568000.0,-0.43,-0.43,0.0,643156000.0,,,11127000.0,59369000.0,6691000.0,20127000.0,-21917000.0
CWBC,2011-06-30,False,Q2,2011,10-Q,9950000.0,,-483000.0,-0.08,-0.08,0.0,643831000.0,,,7536000.0,61838000.0,5657000.0,18783000.0,-23130000.0
JCS,2011-06-30,False,Q2,2011,10-Q,45429684.0,7252839.0,4084665.0,0.48,0.48,0.15,116031383.0,93865763.0,16384768.0,10611380.0,96322153.0,-4017136.0,408307.0,-2574581.0
JCS,2011-09-30,False,Q3,2011,10-Q,41984570.0,6483862.0,3729637.0,0.44,0.44,0.15,116713605.0,91421808.0,14198991.0,20084605.0,98775657.0,8252041.0,-1018378.0,-3891997.0
BTC,2011-06-30,False,Q2,2011,10-Q,13061000.0,,247000.0,0.01,0.01,0.0,1065483000.0,,,18473000.0,109078000.0,17811000.0,18531000.0,-51250000.0
CYH,2010-06-30,False,Q2,2010,10-Q,3171024000.0,278772000.0,70065000.0,0.75,0.74,0.0,14313431000.0,2980203000.0,1501248000.0,548754000.0,2163600000.0,541792000.0,-328288000.0,-9291000.0
CYH,2010-09-30,False,Q3,2010,10-Q,3252055000.0,280819000.0,70401000.0,0.77,0.76,0.0,14419493000.0,2983970000.0,1580004000.0,567749000.0,2126233000.0,898377000.0,-545051000.0,-130118000.0
CYH,2010-12-31,False,FY,2010,10-K,12986500000.0,1114928000.0,279983000.0,3.05,3.01,0.0,14698123000.0,2871193000.0,1642040000.0,299169000.0,2250377000.0,1188730000.0,-1044310000.0,-189792000.0
CYH,2011-03-31,False,Q1,2011,10-Q,3405342000.0,280965000.0,61324000.0,0.67,0.67,0.0,14718279000.0,2835993000.0,1605829000.0,270716000.0,2372283000.0,187511000.0,-209404000.0,-6560000.0
CYH,2011-06-30,False,Q2,2011,10-Q,3433829000.0,288908000.0,35389000.0,0.39,0.39,0.0,14825415000.0,2734490000.0,1662742000.0,191432000.0,2370326000.0,584685000.0,-604360000.0,-88062000.0
CYH,2011-09-30,False,Q3,2011,10-Q,3436000000.0,283803000.0,74304000.0,0.83,0.83,0.0,14847922000.0,2836528000.0,1703160000.0,266312000.0,2409000000.0,820235000.0,-691447000.0,-161645000.0
CNMD,2011-09-30,False,Q3,2011,10-Q,172814000.0,15940000.0,8211000.0,0.29,0.29,0.0,999192000.0,370111000.0,232604000.0,39883000.0,609754000.0,76709000.0,-12744000.0,-35861000.0
CNBC,2011-09-30,False,Q3,2011,10-Q,15202000.0,,3557000.0,0.22,0.22,0.03,1376517000.0,,,113080000.0,133808000.0,15079000.0,-86701000.0,147205000.0
CNBC,2011-06-30,False,Q2,2011,10-Q,14610000.0,,3439000.0,0.21,0.21,0.03,1307438000.0,,,109467000.0,130104000.0,7844000.0,-20513000.0,84639000.0
CTWS,2011-06-30,False,Q2,2011,10-Q,17359000.0,4580000.0,3460000.0,0.41,0.4,0.2325,430732000.0,20428000.0,34739000.0,824000.0,115786000.0,11658000.0,-8454000.0,-3332000.0
CTWS,2011-09-30,False,Q3,2011,10-Q,20628000.0,5054000.0,3724000.0,0.43,0.42,0.2375,435593000.0,24172000.0,39587000.0,1004000.0,117986000.0,16411000.0,-15357000.0,-1002000.0
CNMD,2011-06-30,False,Q2,2011,10-Q,183236000.0,16698000.0,8680000.0,0.31,0.3,0.0,1000165000.0,368182000.0,210347000.0,24331000.0,616709000.0,40223000.0,-8648000.0,-20766000.0
SPPR,2011-06-30,False,Q2,2011,10-Q,22666000.0,2602000.0,-4478000.0,-0.13,-0.13,0.0,238901000.0,,,550000.0,47212000.0,2433000.0,2914000.0,-5130000.0
SPPR,2011-09-30,False,Q3,2011,10-Q,23428000.0,3202000.0,-1781000.0,0.07,0.07,0.0,230005000.0,,,309000.0,45425000.0,3336000.0,8262000.0,-11622000.0
CCUR,2011-09-30,False,Q1,2012,10-Q,12888000.0,-2504000.0,-2600000.0,-0.31,-0.31,0.0,53839000.0,45199000.0,16361000.0,24067000.0,29257000.0,-2985000.0,-677000.0,
CMTL,2010-10-31,False,Q1,2011,10-Q,178160000.0,40081000.0,25656000.0,0.91,0.79,0.25,1028853000.0,800304000.0,113256000.0,602698000.0,701529000.0,19297000.0,-4400000.0,-19793000.0
CMTL,2011-01-31,False,Q2,2011,10-Q,162811000.0,25264000.0,16096000.0,0.59,0.52,0.25,998563000.0,775348000.0,97815000.0,593338000.0,686248000.0,44240000.0,-5950000.0,-52546000.0
CMTL,2011-04-30,False,Q3,2011,10-Q,131081000.0,21918000.0,14255000.0,0.54,0.47,0.25,979534000.0,761143000.0,90269000.0,588941000.0,673915000.0,68931000.0,-7668000.0,-79916000.0
CMTL,2011-07-31,False,FY,2011,10-K,612379000.0,107798000.0,67895000.0,2.53,2.22,1.0,937509000.0,723065000.0,96057000.0,558804000.0,629180000.0,97360000.0,-10038000.0,-136112000.0
CMTL,2011-10-31,False,Q1,2012,10-Q,113361000.0,15759000.0,12601000.0,0.54,0.47,0.275,853373000.0,641724000.0,84696000.0,474322000.0,556762000.0,-772000.0,-1443000.0,-82267000.0
CTGX,2011-07-01,False,Q2,2011,10-Q,98327000.0,4677000.0,2830000.0,0.19,0.17,0.0,140816000.0,83887000.0,44346000.0,13002000.0,86650000.0,-4338000.0,-1284000.0,3062000.0
CTGX,2011-09-30,False,Q3,2011,10-Q,101119000.0,4576000.0,2991000.0,0.2,0.18,0.0,139952000.0,84277000.0,42873000.0,12641000.0,87278000.0,-1545000.0,-1521000.0,871000.0
CHCI,2011-06-30,False,Q2,2011,10-Q,5903000.0,-1845000.0,-1676000.0,-0.09,-0.09,0.0,42504000.0,,,609000.0,6921000.0,2816000.0,-6054000.0,3372000.0
CHCI,2011-09-30,False,Q3,2011,10-Q,5394000.0,-2491000.0,6541000.0,0.33,0.33,0.0,48996000.0,,,6488000.0,14840000.0,11466000.0,-9334000.0,3881000.0
CHCI,2011-06-30,False,Q2,2011,10-Q,5903000.0,-1845000.0,-1676000.0,-0.09,-0.09,0.0,42504000.0,,,609000.0,6921000.0,2816000.0,-6054000.0,3372000.0
SCOR,2011-06-30,False,Q2,2011,10-Q,58095000.0,-6168000.0,-8229000.0,-0.26,-0.26,0.0,291307000.0,110583000.0,107022000.0,39945000.0,165063000.0,19692000.0,-5056000.0,-8532000.0
SCOR,2011-09-30,False,Q3,2011,10-Q,58759000.0,-5376000.0,-3938000.0,-0.12,-0.12,0.0,294172000.0,98381000.0,100657000.0,33402000.0,175837000.0,18759000.0,-7995000.0,-10786000.0
CNSL,2011-09-30,False,Q3,2011,10-Q,92548000.0,15217000.0,5818000.0,0.19,0.19,0.38,1190373000.0,152509000.0,75598000.0,92005000.0,63719000.0,93309000.0,-30660000.0,-38298000.0
CONN,2011-10-31,False,Q3,2012,10-Q,149967000.0,-14444000.0,-12723000.0,-0.4,-0.4,0.0,787052000.0,471362000.0,119074000.0,6510000.0,343927000.0,74870000.0,-2313000.0,-77024000.0
CORE,2011-09-30,False,Q3,2011,10-Q,2225100000.0,21100000.0,12000000.0,1.05,1.03,0.0,805200000.0,643600000.0,353900000.0,20100000.0,374000000.0,48000000.0,-64600000.0,20900000.0
CORE,2011-06-30,False,Q2,2011,10-Q,2039800000.0,14700000.0,8500000.0,0.74,0.72,0.0,861200000.0,704600000.0,358000000.0,19400000.0,373700000.0,-19900000.0,-60600000.0,83800000.0
CORT,2011-06-30,False,Q2,2011,10-Q,,-8869000.0,-8882000.0,-0.11,-0.11,0.0,52720000.0,52685000.0,3856000.0,52230000.0,48864000.0,-14502000.0,-61000.0,220962000.0
CORT,2011-09-30,False,Q3,2011,10-Q,,-6437000.0,-6435000.0,-0.08,-0.08,0.0,46379000.0,46336000.0,2713000.0,45909000.0,43666000.0,-21106000.0,-61000.0,221245000.0
CPRT,2010-10-31,False,Q1,2011,10-Q,212667000.0,59594000.0,37823000.0,0.45,0.45,0.0,1210147000.0,416716000.0,116230000.0,260470000.0,1059029000.0,77538000.0,-11073000.0,-74926000.0
CPRT,2011-01-31,False,Q2,2011,10-Q,207380000.0,60195000.0,37893000.0,0.47,0.46,0.0,1188411000.0,392353000.0,160893000.0,203954000.0,641334000.0,93323000.0,-22135000.0,-136039000.0
CPRT,2011-04-30,False,Q3,2011,10-Q,236755000.0,82044000.0,50136000.0,0.72,0.71,0.0,1191312000.0,353366000.0,171406000.0,192148000.0,646342000.0,200650000.0,-70701000.0,-208085000.0
CPRT,2011-07-31,False,FY,2011,10-K,872246000.0,265290000.0,166375000.0,2.2,2.17,0.0,1084436000.0,241868000.0,166626000.0,74009000.0,555172000.0,242932000.0,-84480000.0,-354075000.0
CPRT,2011-10-31,False,Q1,2012,10-Q,225626000.0,65376000.0,41149000.0,0.63,0.62,0.0,1225884000.0,384271000.0,208635000.0,212677000.0,554845000.0,64187000.0,-7092000.0,82265000.0
CTCT,2011-06-30,False,Q2,2011,10-Q,52527000.0,1312000.0,1274000.0,0.04,0.04,0.0,182383000.0,126567000.0,45608000.0,25612000.0,134454000.0,16646000.0,-26670000.0,2744000.0
CTCT,2011-09-30,False,Q3,2011,10-Q,54346000.0,5683000.0,5353000.0,0.18,0.18,0.0,189919000.0,133424000.0,44226000.0,35931000.0,143376000.0,28246000.0,-28666000.0,3459000.0
CPSS,2011-06-30,False,Q2,2011,10-Q,31154000.0,,-6443000.0,-0.35,-0.35,0.0,680531000.0,,,16468000.0,-7487000.0,1281000.0,58142000.0,-59207000.0
CPSS,2011-09-30,False,Q3,2011,10-Q,33814000.0,,-4046000.0,-0.2,-0.2,0.0,870213000.0,,,9379000.0,-11246000.0,4209000.0,-137797000.0,126715000.0
CONN,2011-07-31,False,Q2,2012,10-Q,150631000.0,12461000.0,-3432000.0,-0.11,-0.11,0.0,772192000.0,451551000.0,105745000.0,8280000.0,133420000.0,85776000.0,-1338000.0,-87135000.0
CNSL,2011-06-30,False,Q2,2011,10-Q,92623000.0,14682000.0,5351000.0,0.18,0.18,0.38,1195081000.0,144437000.0,73358000.0,82007000.0,66478000.0,61203000.0,-20252000.0,-26598000.0
CWCO,2011-06-30,False,Q2,2011,10-Q,14835872.0,2070326.0,1929662.0,0.13,0.13,0.075,153798352.0,67791347.0,6896002.0,50840459.0,130338431.0,7876913.0,-223797.0,-2942894.0
CWCO,2011-09-30,False,Q3,2011,10-Q,12806652.0,976899.0,1286068.0,0.09,0.09,0.075,155588975.0,63814329.0,8711270.0,49045925.0,130705631.0,14633067.0,-7303082.0,-4414297.0
CRAI,2011-10-01,False,Q3,2011,10-Q,71007000.0,6214000.0,3660000.0,0.35,0.34,0.0,362521000.0,179608000.0,78356000.0,39499000.0,266337000.0,2190000.0,-22189000.0,-28038000.0
CVTI,2011-09-30,False,Q3,2011,10-Q,161418000.0,-9754000.0,-11213000.0,-0.76,-0.76,0.0,429830000.0,93813000.0,127234000.0,3377000.0,87817000.0,25887000.0,-36611000.0,4740000.0
HOOK,2011-09-30,False,Q3,2011,10-Q,40477000.0,2185000.0,1231000.0,0.07,0.07,0.0,158458000.0,26614000.0,25006000.0,618000.0,104080000.0,4997000.0,8539000.0,-13082000.0
HOOK,2011-06-30,False,Q2,2011,10-Q,41496000.0,2788000.0,8160000.0,0.43,0.43,0.0,162998000.0,33308000.0,28923000.0,6474000.0,102682000.0,3623000.0,11430000.0,-8743000.0
CBRL,2011-04-29,False,Q3,2011,10-Q,582525000.0,31205000.0,15154000.0,0.66,0.64,0.22,1299535000.0,234628000.0,260356000.0,62486000.0,259895000.0,89178000.0,-51160000.0,-23232000.0
CPSH,2011-07-02,True,Q2,2011,10-Q,4841760.0,32348.0,13183.0,0.0,0.0,0.0,10523926.0,7608654.0,1754020.0,1260222.0,8694691.0,,,
CPSH,2011-10-01,False,Q3,2011,10-Q,4901040.0,56617.0,27589.0,0.0,0.0,0.0,10875734.0,8001833.0,2022713.0,1148621.0,8793573.0,,,
CBRL,2011-07-29,False,FY,2011,10-K,2434435000.0,167181000.0,85208000.0,3.7,3.61,0.88,1310884000.0,245915000.0,267103000.0,52274000.0,268034000.0,138212000.0,-69489000.0,-64149000.0
CBRL,2011-10-28,False,Q1,2012,10-Q,598437000.0,44624000.0,23802000.0,1.04,1.03,0.25,1327928000.0,261821000.0,275607000.0,49771000.0,293461000.0,20244000.0,-18605000.0,-4142000.0
CVTI,2011-06-30,False,Q2,2011,10-Q,172865000.0,7234000.0,1655000.0,0.11,0.11,0.0,425013000.0,92524000.0,123524000.0,2281000.0,100414000.0,12761000.0,-13640000.0,-6201000.0
CSGP,2011-09-30,False,Q3,2011,10-Q,63829000.0,3004000.0,2311000.0,0.09,0.09,0.0,764753000.0,589381000.0,64606000.0,550740000.0,649690000.0,19707000.0,72196000.0,252367000.0
CSGP,2011-06-30,False,Q2,2011,10-Q,62127000.0,3909000.0,2637000.0,0.12,0.12,0.0,757856000.0,578622000.0,60216000.0,547617000.0,645864000.0,15284000.0,73899000.0,251934000.0
CRAI,2011-07-02,False,Q2,2011,10-Q,80641000.0,6970000.0,4307000.0,0.4,0.4,0.0,361003000.0,178887000.0,74094000.0,37161000.0,267936000.0,-7414000.0,-19778000.0,-23686000.0
CRVL,2011-06-30,False,Q1,2012,10-Q,102307000.0,,8198000.0,0.71,0.7,0.0,172450000.0,86882000.0,57115000.0,17577000.0,105587000.0,15179000.0,-6963000.0,-2908000.0
CRVL,2011-09-30,False,Q2,2012,10-Q,104552000.0,,7881000.0,0.68,0.68,0.0,166726000.0,80173000.0,48281000.0,8134000.0,108697000.0,15873000.0,-11658000.0,-8350000.0
COST,2009-11-22,False,Q1,2010,10-Q,16922000000.0,428000000.0,266000000.0,0.61,0.6,0.18,23478000000.0,11627000000.0,10285000000.0,3617000000.0,10431000000.0,751000000.0,-296000000.0,-5000000.0
COST,2010-02-14,False,Q2,2010,10-Q,18356000000.0,470000000.0,299000000.0,0.68,0.67,0.18,23366000000.0,11501000000.0,9865000000.0,4134000000.0,10743000000.0,1360000000.0,-506000000.0,111000000.0
COST,2010-05-09,False,Q3,2010,10-Q,17385000000.0,491000000.0,306000000.0,0.69,0.68,0.205,23899000000.0,12057000000.0,10189000000.0,4413000000.0,10972000000.0,2169000000.0,-912000000.0,-12000000.0
COST,2010-11-21,False,Q1,2011,10-Q,18823000000.0,525000000.0,312000000.0,0.72,0.71,0.205,26043000000.0,13558000000.0,11502000000.0,3739000000.0,11707000000.0,720000000.0,-137000000.0,-87000000.0
COST,2011-05-08,False,Q3,2011,10-Q,20188000000.0,556000000.0,324000000.0,0.74,0.73,0.24,26974000000.0,14069000000.0,12494000000.0,4082000000.0,12541000000.0,2257000000.0,-1238000000.0,-262000000.0
COST,2010-08-29,False,FY,2010,10-K,76255000000.0,2077000000.0,1303000000.0,2.97,2.92,0.77,23815000000.0,11708000000.0,10063000000.0,3214000000.0,10930000000.0,2780000000.0,-2015000000.0,-719000000.0
COST,2011-02-13,False,Q2,2011,10-Q,20449000000.0,596000000.0,348000000.0,0.8,0.79,0.205,25716000000.0,13138000000.0,10746000000.0,3355000000.0,12124000000.0,1446000000.0,-861000000.0,-503000000.0
COST,2011-08-28,False,FY,2011,10-K,87048000000.0,2439000000.0,1462000000.0,3.35,3.3,0.89,26761000000.0,13706000000.0,12050000000.0,4009000000.0,12573000000.0,3198000000.0,-1180000000.0,-1277000000.0
COST,2011-11-20,False,Q1,2012,10-Q,21181000000.0,543000000.0,320000000.0,0.74,0.73,0.24,28004000000.0,14993000000.0,13311000000.0,4319000000.0,12447000000.0,664000000.0,-352000000.0,67000000.0
COWN,2011-06-30,False,Q2,2011,10-Q,58679000.0,,20037000.0,0.26,0.26,0.0,1793457000.0,,,110175000.0,637958000.0,147615000.0,15077000.0,-88871000.0
COWN,2011-09-30,False,Q3,2011,10-Q,62828000.0,,-48234000.0,-0.42,-0.42,0.0,1722917000.0,,,83520000.0,585238000.0,335179000.0,-150611000.0,-137402000.0
CPAH,2011-07-31,False,Q1,2012,10-Q,2758734.0,-950230.0,-925718.0,,-0.03,0.0,19744675.0,9735307.0,4005195.0,7229474.0,15639058.0,-360395.0,-1692.0,5857404.0
CPAH,2011-10-31,False,Q2,2012,10-Q,3473853.0,-229630.0,112049.0,,0.0,0.0,20404468.0,11004023.0,3943778.0,7240634.0,16340521.0,-1178474.0,-1675.0,6683718.0
COSI,2011-06-27,False,Q2,2011,10-Q,26113000.0,-646000.0,-634000.0,-0.01,-0.01,0.0,27044000.0,11413000.0,11763000.0,8280000.0,9163000.0,-1344000.0,-683000.0,
COSI,2011-09-26,False,Q3,2011,10-Q,24468000.0,-1501000.0,-1491000.0,-0.03,-0.03,0.0,25684000.0,10690000.0,12178000.0,8106000.0,7740000.0,-1077000.0,-1124000.0,
CSOD,2011-06-30,False,Q2,2011,10-Q,14870000.0,-7152000.0,-7074000.0,-0.15,-0.15,0.0,117407000.0,108939000.0,46117000.0,48658000.0,67556000.0,-3596000.0,-36210000.0,81397000.0
CSOD,2011-09-30,False,Q3,2011,10-Q,20019000.0,-2992000.0,-4277000.0,-0.09,-0.09,0.0,119788000.0,110892000.0,51100000.0,64375000.0,64861000.0,-3040000.0,-20144000.0,80637000.0
CSGS,2011-06-30,False,Q2,2011,10-Q,181312000.0,22371000.0,9015000.0,0.27,0.27,0.0,800021000.0,379779000.0,182990000.0,114355000.0,267332000.0,-1176000.0,-17808000.0,-67660000.0
CSGS,2011-09-30,False,Q3,2011,10-Q,182753000.0,22767000.0,10479000.0,0.32,0.32,0.0,787494000.0,380578000.0,173423000.0,124160000.0,265559000.0,29134000.0,-23031000.0,-79110000.0
CRWS,2011-07-03,False,Q1,2012,10-Q,17499000.0,933000.0,530000.0,0.06,0.05,0.03,44061000.0,34046000.0,11984000.0,11000.0,31650000.0,4173000.0,-75000.0,-4292000.0
CRWS,2011-10-02,False,Q2,2012,10-Q,21319000.0,1793000.0,1067000.0,0.11,0.11,0.03,42894000.0,33150000.0,9138000.0,117000.0,32581000.0,5887000.0,-146000.0,-5829000.0
CRWN,2011-09-30,False,Q3,2011,10-Q,74048000.0,22152000.0,163204000.0,0.45,0.45,0.0,935634000.0,222398000.0,166016000.0,21002000.0,217741000.0,26007000.0,-824000.0,-34746000.0
CRWN,2011-06-30,False,Q2,2011,10-Q,76150000.0,23499000.0,12051000.0,0.03,0.03,0.0,727885000.0,199708000.0,166189000.0,7074000.0,-89590000.0,14130000.0,-701000.0,-36920000.0
CRDS,2011-07-31,False,Q3,2011,10-Q,2577000.0,-2644000.0,-2673000.0,-0.25,-0.25,0.0,14696000.0,13213000.0,6280000.0,4591000.0,8289000.0,-3498000.0,-5931000.0,62000.0
CCRN,2011-06-30,False,Q2,2011,10-Q,126042000.0,2602000.0,1573000.0,0.05,0.05,0.0,345878000.0,108277000.0,41438000.0,16009000.0,249276000.0,11376000.0,-2290000.0,-4071000.0
CCRN,2011-09-30,False,Q3,2011,10-Q,131169000.0,4155000.0,1786000.0,0.06,0.06,0.0,345944000.0,110479000.0,44733000.0,14305000.0,251100000.0,14630000.0,-3146000.0,-8081000.0
CROX,2011-06-30,False,Q2,2011,10-Q,295585000.0,64774000.0,55506000.0,0.62,0.61,0.0,683514000.0,513955000.0,172125000.0,179979000.0,469005000.0,43881000.0,-21401000.0,7234000.0
CROX,2011-09-30,False,Q3,2011,10-Q,274897000.0,37068000.0,30207000.0,0.34,0.33,0.0,704254000.0,534538000.0,171759000.0,220388000.0,490249000.0,93361000.0,-32891000.0,8423000.0
CREE,2010-09-26,False,Q1,2011,10-Q,268437000.0,73417000.0,58036000.0,0.54,0.53,0.0,2288377000.0,1406525000.0,131959000.0,412583000.0,2100612000.0,88518000.0,-83202000.0,9664000.0
CREE,2010-12-26,False,Q2,2011,10-Q,256983000.0,55412000.0,49775000.0,0.46,0.45,0.0,2383611000.0,1453228000.0,134928000.0,465557000.0,2188816000.0,145756000.0,-117122000.0,39254000.0
CREE,2011-03-27,False,Q3,2011,10-Q,219168000.0,19678000.0,18881000.0,0.17,0.17,0.0,2408394000.0,1440920000.0,123142000.0,410413000.0,2222031000.0,186922000.0,-218128000.0,43768000.0
CREE,2011-06-26,False,FY,2011,10-K,987615000.0,168706000.0,146500000.0,1.35,1.33,0.0,2446722000.0,1456895000.0,140316000.0,390598000.0,2261564000.0,251380000.0,-303234000.0,44546000.0
CREE,2011-09-25,False,Q1,2012,10-Q,268980000.0,13387000.0,12819000.0,0.11,0.11,0.0,2697332000.0,1080672000.0,152378000.0,139173000.0,2498037000.0,41645000.0,-295893000.0,2355000.0
CACC,2011-06-30,False,Q2,2011,10-Q,129965000.0,,44844000.0,1.73,1.72,0.0,1581655000.0,,,5690000.0,441911000.0,139959000.0,-259969000.0,121908000.0
CACC,2011-09-30,False,Q3,2011,10-Q,133739000.0,,49960000.0,1.92,1.91,0.0,1670652000.0,,,3634000.0,493270000.0,202357000.0,-358031000.0,155516000.0
CRAY,2011-06-30,False,Q2,2011,10-Q,67920000.0,-2918000.0,-2958000.0,,,0.0,244852000.0,210339000.0,88166000.0,131827000.0,141508000.0,75527000.0,-2141000.0,738000.0
CRAY,2011-09-30,False,Q3,2011,10-Q,36705000.0,-12278000.0,-12232000.0,,,0.0,255512000.0,220457000.0,109853000.0,88265000.0,133770000.0,33641000.0,-3611000.0,836000.0
CVBF,2011-03-31,False,Q1,2011,10-Q,76490000.0,,16534000.0,0.16,0.16,0.085,6498352000.0,,,348773000.0,654604000.0,5757000.0,-5710000.0,-5262000.0
CVBF,2011-06-30,False,Q2,2011,10-Q,77176000.0,,20956000.0,0.2,0.2,0.085,6460193000.0,,,102600000.0,683685000.0,12451000.0,79082000.0,-38733000.0
CVBF,2011-09-30,False,Q3,2011,10-Q,76044000.0,,22302000.0,0.21,0.21,0.085,6529907000.0,,,33493000.0,699875000.0,51910000.0,17068000.0,-30311000.0
CVV,2011-06-30,False,Q2,2011,10-Q,7507717.0,1201637.0,778440.0,0.15,0.14,0.0,39964462.0,31660216.0,9577603.0,21714398.0,27265695.0,6540485.0,-100066.0,9024889.0
CVV,2011-09-30,False,Q3,2011,10-Q,8844094.0,1388147.0,1238550.0,0.21,0.2,0.0,37392864.0,27842949.0,6038005.0,18618430.0,28649942.0,4883761.0,-1541303.0,9026882.0
CRIS,2011-09-30,False,Q3,2011,10-Q,147122.0,-4816335.0,-4206555.0,-0.05,-0.05,0.0,38868106.0,29171743.0,3480235.0,11884253.0,32406809.0,-13251393.0,15828040.0,1481057.0
CRIS,2011-06-30,False,Q2,2011,10-Q,392867.0,-4618965.0,-4914064.0,-0.06,-0.06,0.0,43067538.0,33301002.0,3387072.0,6791800.0,36126962.0,-8826531.0,6496162.0,1295620.0
CUTR,2011-06-30,False,Q2,2011,10-Q,14895000.0,-2863000.0,-2456000.0,-0.18,-0.18,0.0,110230000.0,104682000.0,14563000.0,17483000.0,92820000.0,-2272000.0,6355000.0,881000.0
CUTR,2011-09-30,False,Q3,2011,10-Q,15232000.0,-2628000.0,-2863000.0,-0.21,-0.21,0.0,108966000.0,103978000.0,14937000.0,13874000.0,91333000.0,-5753000.0,6042000.0,1066000.0
CMLS,2011-06-30,False,Q2,2011,10-Q,69178000.0,17347000.0,1341000.0,0.03,0.03,0.0,367201000.0,79148000.0,32761000.0,29553000.0,-322476000.0,20322000.0,-1675000.0,-1908000.0
CMLS,2011-09-30,False,Q3,2011,10-Q,132303000.0,-3409000.0,59538000.0,0.64,0.6,0.0,4072080000.0,344556000.0,167329000.0,47076000.0,306393000.0,32334000.0,-2027038000.0,2028966000.0
CUGI,2011-06-30,False,Q2,2011,10-Q,9878862.0,217854.0,-220711.0,0.0,0.0,0.0,35679749.0,12045151.0,9447123.0,214058.0,12207415.0,503168.0,-183729.0,-201936.0
CUGI,2011-09-30,False,Q3,2011,10-Q,10728215.0,378165.0,424323.0,0.0,0.0,0.0,32783612.0,8634554.0,9774182.0,143750.0,12705747.0,264625.0,-339817.0,212913.0
CPIX,2011-06-30,False,Q2,2011,10-Q,14389741.0,3631857.0,2177619.0,0.11,0.11,0.0,94581055.0,84343879.0,10727930.0,69832030.0,81425075.0,4935347.0,-152182.0,-845105.0
CPIX,2011-09-30,False,Q3,2011,10-Q,13054278.0,3098360.0,1847412.0,0.09,0.09,0.0,96078666.0,85878391.0,7453231.0,71074807.0,83457057.0,7692058.0,-382241.0,-2128980.0
CTIC,2010-09-30,False,Q3,2010,10-Q,,-12994000.0,-15607000.0,-0.02,-0.02,0.0,46613000.0,20081000.0,25873000.0,17268000.0,-5716000.0,-50356000.0,-1150000.0,30616000.0
CTIC,2011-06-30,False,Q2,2011,10-Q,,-16919000.0,-22508000.0,-0.14,-0.14,0.0,56583000.0,42794000.0,36778000.0,38887000.0,2902000.0,-38667000.0,-1167000.0,57130000.0
CTIC,2011-09-30,False,Q3,2011,10-Q,,-15290000.0,-29685000.0,-0.16,-0.16,0.0,62850000.0,49904000.0,30808000.0,45212000.0,15493000.0,-54790000.0,-1947000.0,79239000.0
CTCM,2010-06-30,False,Q2,2010,10-Q,130499000.0,32809000.0,20904000.0,0.13,0.13,0.07,861797000.0,319759000.0,121941000.0,28880000.0,705870000.0,50718000.0,-81259000.0,-25614000.0
CTCM,2010-09-30,False,Q3,2010,10-Q,125265000.0,37257000.0,24299000.0,0.16,0.16,0.07,921303000.0,352239000.0,130920000.0,41676000.0,755652000.0,71807000.0,-87830000.0,-26894000.0
CTCM,2010-12-31,False,FY,2010,10-K,601285000.0,207118000.0,145731000.0,0.94,0.93,0.0,999460000.0,385620000.0,166761000.0,59565000.0,794641000.0,185552000.0,-130525000.0,-79820000.0
CTCM,2011-03-31,False,Q1,2011,10-Q,165541000.0,35928000.0,22792000.0,0.15,0.14,0.16,1055438000.0,395187000.0,153282000.0,81547000.0,860606000.0,12280000.0,26840000.0,-21400000.0
CTCM,2011-06-30,False,Q2,2011,10-Q,204484000.0,61745000.0,38468000.0,0.24,0.24,0.22,1063343000.0,335924000.0,131948000.0,34521000.0,885939000.0,38557000.0,-9627000.0,-58019000.0
CTCM,2011-09-30,False,Q3,2011,10-Q,159578000.0,26518000.0,16393000.0,0.1,0.1,0.22,968008000.0,337337000.0,168811000.0,56848000.0,761829000.0,56993000.0,-1867000.0,-59175000.0
CTRP,2010-12-31,False,FY,2010,20-F,3066713021.0,159715954.0,158798447.0,29.62,27.89,0.0,8116204013.0,4570908450.0,1880898515.0,2153935111.0,6189922788.0,1550217832.0,-369757650.0,1625347819.0
CTIB,2011-06-30,False,Q2,2011,10-Q,11964764.0,149712.0,13355.0,0.0,0.0,0.0,33336052.0,22367844.0,16698522.0,493559.0,12496978.0,1074394.0,-545473.0,-824793.0
CTIB,2011-09-30,False,Q3,2011,10-Q,11730972.0,323526.0,18119.0,0.01,0.01,0.05,33375246.0,22667978.0,17655503.0,437637.0,11659173.0,-243574.0,-796222.0,711510.0
GSJK,2011-09-30,False,Q3,2011,10-Q,24620000.0,,3291000.0,,0.21,0.0,210100000.0,51906000.0,14910000.0,19566000.0,,11710000.0,-8603000.0,9908000.0
GSJK,2011-06-30,False,Q2,2011,10-Q,22326000.0,,553000.0,,,0.0,204056000.0,48194000.0,10742000.0,19333000.0,,5203000.0,-3625000.0,11007000.0
CSPI,2011-06-30,False,Q3,2011,10-Q,19681000.0,-271000.0,-214000.0,-0.06,-0.06,0.0,41430000.0,35900000.0,13273000.0,17482000.0,18851000.0,2419000.0,-389000.0,-374000.0
CYBE,2011-09-30,False,Q3,2011,10-Q,17088000.0,2069000.0,1566000.0,0.23,0.22,0.0,62069000.0,51179000.0,9061000.0,11046000.0,52241000.0,5056000.0,-2565000.0,213000.0
CYAN,2011-09-30,False,Q2,2011,10-Q,5989000.0,913000.0,875000.0,0.16,0.16,0.0,15726000.0,10045000.0,2556000.0,4091000.0,12677000.0,2779000.0,-716000.0,-34000.0
CYBX,2011-10-28,False,Q2,2012,10-Q,53695061.0,15066739.0,9027774.0,0.32,0.32,0.0,197691327.0,129521012.0,26294371.0,69830955.0,165246266.0,31646264.0,-19732296.0,-31955474.0
CYNO,2011-09-30,False,Q3,2011,10-Q,28277000.0,,-792000.0,-0.06,-0.06,0.0,147415000.0,112183000.0,28452000.0,31388000.0,118180000.0,-2120000.0,6450000.0,-303000.0
CYTX,2011-09-30,False,Q3,2011,10-Q,2134000.0,-7823000.0,-8335000.0,,-0.15,0.0,55568000.0,47625000.0,6443000.0,40803000.0,11926000.0,-27424000.0,-458000.0,16017000.0
CYTR,2011-09-30,False,Q3,2011,10-Q,0.0,-4959246.0,-557766.0,0.0,0.0,0.0,44867994.0,44284671.0,16328814.0,30387583.0,28539180.0,-11277329.0,16397363.0,18943119.0
CYTR,2011-06-30,False,Q2,2011,10-Q,150000.0,-3763254.0,-3120075.0,-0.03,-0.03,0.0,29189012.0,28495630.0,6823342.0,7023176.0,22365670.0,-7705373.0,8404119.0,0.0
CYTK,2011-06-30,False,Q2,2011,10-Q,1053000.0,-13647000.0,-16489000.0,-0.23,-0.23,0.0,72157000.0,69804000.0,5505000.0,23769000.0,66652000.0,-25386000.0,12243000.0,420157000.0
CYTK,2011-09-30,False,Q3,2011,10-Q,1427000.0,-10668000.0,-10639000.0,-0.15,-0.15,0.0,61778000.0,59871000.0,5034000.0,18591000.0,56744000.0,-34650000.0,16508000.0,419978000.0
CYTX,2011-06-30,False,Q2,2011,10-Q,2411000.0,-4372000.0,-5138000.0,,-0.1,0.0,48756000.0,40430000.0,15612000.0,33229000.0,10141000.0,-19532000.0,-433000.0,526000.0
CTSO,2011-09-30,False,Q3,2011,10-Q,,,-2463784.0,-0.02,-0.02,0.0,2934435.0,2516002.0,1588584.0,2296147.0,1121033.0,-2719589.0,-51934.0,68244257.0
CTSO,2011-06-30,False,Q2,2011,10-Q,,,-2219108.0,-0.01,-0.01,0.0,3862477.0,3452138.0,1418580.0,3416525.0,1917343.0,-1620559.0,-28398.0,68242069.0
CY,2010-07-04,False,Q2,2010,10-Q,223024000.0,27144000.0,19642000.0,0.12,0.1,0.0,939041000.0,553864000.0,264819000.0,188796000.0,626194000.0,84154000.0,-57694000.0,-81222000.0
CY,2010-10-03,False,Q3,2010,10-Q,231923000.0,30725000.0,34373000.0,0.22,0.18,0.0,1069300000.0,688462000.0,325095000.0,313580000.0,694480000.0,193559000.0,-54635000.0,-68902000.0
CY,2011-01-02,False,FY,2010,10-K,877532000.0,87864000.0,75742000.0,0.47,0.4,0.0,1072801000.0,695658000.0,312289000.0,263183000.0,702893000.0,262746000.0,-150734000.0,-92387000.0
CY,2011-04-03,False,Q1,2011,10-Q,233110000.0,55118000.0,55374000.0,0.32,0.28,0.0,993941000.0,609399000.0,364674000.0,119598000.0,568806000.0,35343000.0,30711000.0,-209639000.0
CY,2011-07-03,False,Q2,2011,10-Q,254978000.0,26731000.0,40823000.0,0.24,0.21,0.09,1107204000.0,695057000.0,397653000.0,280153000.0,661323000.0,112213000.0,77335000.0,-172578000.0
CY,2011-10-02,False,Q3,2011,10-Q,264743000.0,45633000.0,39981000.0,0.24,0.22,0.09,851486000.0,433869000.0,387247000.0,64260000.0,404128000.0,218327000.0,67369000.0,-484619000.0
CYNO,2011-06-30,False,Q2,2011,10-Q,26339000.0,,-1300000.0,-0.1,-0.1,0.0,149961000.0,109532000.0,29724000.0,20909000.0,119434000.0,58000.0,-6619000.0,201000.0
CYCC,2011-09-30,False,Q3,2011,10-Q,164000.0,-4048000.0,-3627000.0,-0.07,-0.07,0.0,28946000.0,28781000.0,5935000.0,27675000.0,23011000.0,-10718000.0,-6000.0,243450000.0
CYCC,2011-06-30,False,Q2,2011,10-Q,168000.0,-3797000.0,-3734000.0,-0.08,-0.08,0.0,22695000.0,22449000.0,6040000.0,20614000.0,16655000.0,-8456000.0,-6364000.0,234112000.0
CYBX,2011-07-29,False,Q1,2012,10-Q,52662076.0,11510186.0,6884554.0,0.24,0.24,0.0,199901869.0,142128640.0,23360180.0,81610395.0,170034528.0,9960760.0,-2788343.0,-15236144.0
CYAN,2011-06-30,False,Q1,2012,10-Q,5950000.0,516000.0,486000.0,0.09,0.09,0.0,14307000.0,8844000.0,2129000.0,3109000.0,11647000.0,1314000.0,-260000.0,-7000.0
